
<record>
  <leader>03639cam a2200361 i 4500</leader>
  <controlfield tag="001">18358528</controlfield>
  <controlfield tag="005">20200102101527.0</controlfield>
  <controlfield tag="008">141103s2011    bl abd   b   f100 0 por  </controlfield>
  <datafield tag="906" ind1=" " ind2=" ">
    <subfield code="a">7</subfield>
    <subfield code="b">cbc</subfield>
    <subfield code="c">origode</subfield>
    <subfield code="d">2</subfield>
    <subfield code="e">ncip</subfield>
    <subfield code="f">20</subfield>
    <subfield code="g">y-gencatlg</subfield>
  </datafield>
  <datafield tag="925" ind1="0" ind2=" ">
    <subfield code="a">acquire</subfield>
    <subfield code="b">1 shelf copy</subfield>
    <subfield code="x">policy default</subfield>
  </datafield>
  <datafield tag="955" ind1=" " ind2=" ">
    <subfield code="a">wr08 2014-11-03</subfield>
    <subfield code="d">bf09 2019-07-23 (overtime)</subfield>
    <subfield code="e">bf09 2019-07-23 (overtime)</subfield>
    <subfield code="w">xm06 2020-01-02</subfield>
  </datafield>
  <datafield tag="010" ind1=" " ind2=" ">
    <subfield code="a">  2014345104</subfield>
  </datafield>
  <datafield tag="020" ind1=" " ind2=" ">
    <subfield code="a">9788588041035</subfield>
  </datafield>
  <datafield tag="040" ind1=" " ind2=" ">
    <subfield code="a">DLC</subfield>
    <subfield code="b">eng</subfield>
    <subfield code="c">DLC</subfield>
    <subfield code="e">rda</subfield>
    <subfield code="d">DLC</subfield>
  </datafield>
  <datafield tag="042" ind1=" " ind2=" ">
    <subfield code="a">lcode</subfield>
    <subfield code="a">pcc</subfield>
  </datafield>
  <datafield tag="043" ind1=" " ind2=" ">
    <subfield code="a">s-bl---</subfield>
  </datafield>
  <datafield tag="050" ind1="0" ind2="0">
    <subfield code="a">TK1441</subfield>
    <subfield code="b">.A48 2011</subfield>
  </datafield>
  <datafield tag="082" ind1="0" ind2="0">
    <subfield code="a">621.3190981</subfield>
    <subfield code="2">23</subfield>
  </datafield>
  <datafield tag="245" ind1="0" ind2="0">
    <subfield code="a">Alternativas não convencionais para transmissão de energia elétrica :</subfield>
    <subfield code="b">estado da arte /</subfield>
    <subfield code="c">Projeto Transmitir ; Gerhard Ett [and ten others].</subfield>
  </datafield>
  <datafield tag="250" ind1=" " ind2=" ">
    <subfield code="a">1a edição.</subfield>
  </datafield>
  <datafield tag="264" ind1=" " ind2="1">
    <subfield code="a">Brasília :</subfield>
    <subfield code="b">FDTE :</subfield>
    <subfield code="b">P&amp;D ANEEL,</subfield>
    <subfield code="c">2011.</subfield>
  </datafield>
  <datafield tag="300" ind1=" " ind2=" ">
    <subfield code="a">447 pages :</subfield>
    <subfield code="b">some color illustrations, color maps, charts ;</subfield>
    <subfield code="c">23 cm</subfield>
  </datafield>
  <datafield tag="336" ind1=" " ind2=" ">
    <subfield code="a">text</subfield>
    <subfield code="b">txt</subfield>
    <subfield code="2">rdacontent</subfield>
  </datafield>
  <datafield tag="337" ind1=" " ind2=" ">
    <subfield code="a">unmediated</subfield>
    <subfield code="b">n</subfield>
    <subfield code="2">rdamedia</subfield>
  </datafield>
  <datafield tag="338" ind1=" " ind2=" ">
    <subfield code="a">volume</subfield>
    <subfield code="b">nc</subfield>
    <subfield code="2">rdacarrier</subfield>
  </datafield>
  <datafield tag="500" ind1=" " ind2=" ">
    <subfield code="a">Product of two seminars held Feb. 9-10, 2011 and Nov. 23-24, 2011 in Brasília.</subfield>
  </datafield>
  <datafield tag="504" ind1=" " ind2=" ">
    <subfield code="a">Includes bibliographical references.</subfield>
  </datafield>
  <datafield tag="505" ind1="0" ind2=" ">
    <subfield code="a">Alternativas não convencionais para a transmissão de energia elétrica em longas distâncias / Máximo Luiz Pompermayer -- O desafio da transmissão de energia em longas distâncias / Josias Matos de Araujo, Flavio Decat de Moura, Djalma Bastos de Moraes, Cesar Augusto Ramirez Rojas [e] Elmar de Oliveira Santana -- A importância do Projeto Transmitir para o setor de energia elétrica / Eden Luiz Carvalho Junior, Geraldo Nicola, João Cesar Bianchi de Melo, Luiza Maria de Sousa Carijó, Marcelo Torres de Souza, Maureen Fitzgibbon Pereira [e] Sebastião Vidigal Fernandes Júnior -- Resumo executivo / José A. Jardini, Geraldo Nicola [e] Sergio O. Frontin -- Perspectivas da transmissão de energia elétrica a longa distância no Brasil / Thales Sousa, Ronaldo P. Casolari [e] José A. Jardini -- Transmissão de corrente alternada acima de 800 kV-UATCA / Sergio O. Frontin [e] José G. Tannuri -- Sistemas flexíveis de transmissão em corrente alternada (FACTS) / Ricardo L. Vasquez Amez [e] Ronaldo P. Casolari -- Conversores CA/CC : fonte de corrente e fonte de tensão / José A. Jardini -- Transmissão em corrente continua acima de 600 kV / Lineu B. Reis -- Transmissão de energia elétrica em Meia Onda / Milana L. Santos [e] José A. Jardini -- Sistemas de transmissão multifásicos / Mario Masuda [e] José A. Jardini -- Supercondutores de alta temperatura / Gerson Y. Saiki -- Linhas de transmissão isoladas a gas / Gerson Y. Saiki -- Viabilidade técnico-econômico de células a combustível e hidrogênio / Gerhard Ett [e] Bardia Ett -- Maturidade tecnológico das alternativas não convencionais de transmissão de energia / Gerhardt Ett, Gerson Y. Saiki, José A. Jardini, José G. Tannuri, Lineu B. Reis, Mario Masuda, Milana L. Santos, Ricardo L. Vasquez Arnez, Ronaldo P. Casolari, Sergio O. Frontin [e] Thales Sousa -- Agenda estratégica de pesquisa e desenvolvimentos / Gerard Ett, Gerson Y. Saiki, José A. Jardini, José G. Tannuri, Lineu B. Reis, Mario Masuda, Milana L. Santos, Ricardo L. Vasquez Arnez, Ronaldo P. Casolari, Sergio O. Frontin [e] Thales Sousa.</subfield>
  </datafield>
  <datafield tag="650" ind1=" " ind2="0">
    <subfield code="a">Electric power transmission</subfield>
    <subfield code="z">Brazil</subfield>
    <subfield code="v">Congresses.</subfield>
  </datafield>
  <datafield tag="710" ind1="2" ind2=" ">
    <subfield code="a">Projeto Transmitir (Brazil)</subfield>
  </datafield>
  <datafield tag="710" ind1="2" ind2=" ">
    <subfield code="a">Fundação para o Desenvolvimento Tecnológico da Engenharia (Brazil),</subfield>
    <subfield code="e">issuing body.</subfield>
  </datafield>
  <datafield tag="710" ind1="2" ind2=" ">
    <subfield code="a">Agência Nacional de Energia Elétrica (Brazil),</subfield>
    <subfield code="e">issuing body.</subfield>
  </datafield>
  <datafield tag="985" ind1=" " ind2=" ">
    <subfield code="e">ODE-rj</subfield>
  </datafield>
</record>