
<record>
  <leader>01904cam a2200433 i 4500</leader>
  <controlfield tag="001">18369938</controlfield>
  <controlfield tag="005">20200102150431.0</controlfield>
  <controlfield tag="008">141110s2014    inua          001 0aeng d</controlfield>
  <datafield tag="906" ind1=" " ind2=" ">
    <subfield code="a">7</subfield>
    <subfield code="b">cbc</subfield>
    <subfield code="c">copycat</subfield>
    <subfield code="d">2</subfield>
    <subfield code="e">epcn</subfield>
    <subfield code="f">20</subfield>
    <subfield code="g">y-gencatlg</subfield>
  </datafield>
  <datafield tag="925" ind1="0" ind2=" ">
    <subfield code="a">acquire</subfield>
    <subfield code="b">1 shelf copy</subfield>
    <subfield code="x">Sel/ddw, 2019-09-23</subfield>
  </datafield>
  <datafield tag="955" ind1=" " ind2=" ">
    <subfield code="a">pc24 2014-11-10</subfield>
    <subfield code="a">xn11 2019-10-07 1 copy rec&apos;d.</subfield>
    <subfield code="b">xk01 2019-12-27 z-processor</subfield>
    <subfield code="i">xk36 2020-01 -02</subfield>
  </datafield>
  <datafield tag="010" ind1=" " ind2=" ">
    <subfield code="a">  2014920157</subfield>
  </datafield>
  <datafield tag="020" ind1=" " ind2=" ">
    <subfield code="a">97815053515314</subfield>
    <subfield code="q">(hardcover)</subfield>
  </datafield>
  <datafield tag="020" ind1=" " ind2=" ">
    <subfield code="a">9781503515321</subfield>
    <subfield code="q">(softcover)</subfield>
  </datafield>
  <datafield tag="020" ind1=" " ind2=" ">
    <subfield code="z">9781503515338</subfield>
    <subfield code="q">(eBook)</subfield>
  </datafield>
  <datafield tag="035" ind1=" " ind2=" ">
    <subfield code="a">(OCoLC)ocn898160879</subfield>
  </datafield>
  <datafield tag="040" ind1=" " ind2=" ">
    <subfield code="a">BTCTA</subfield>
    <subfield code="b">eng</subfield>
    <subfield code="d">rda</subfield>
    <subfield code="c">BTCTA</subfield>
    <subfield code="d">OCLCQ</subfield>
    <subfield code="d">TNH</subfield>
    <subfield code="d">OCLCO</subfield>
    <subfield code="d">OCLCF</subfield>
    <subfield code="d">YDX</subfield>
    <subfield code="d">OCLCA</subfield>
    <subfield code="d">JDP</subfield>
    <subfield code="d">OCLCO</subfield>
    <subfield code="d">OCL</subfield>
    <subfield code="d">OCLCA</subfield>
    <subfield code="d">OCLCQ</subfield>
    <subfield code="d">OCLCO</subfield>
    <subfield code="d">DLC</subfield>
  </datafield>
  <datafield tag="042" ind1=" " ind2=" ">
    <subfield code="a">lccopycat</subfield>
  </datafield>
  <datafield tag="050" ind1="0" ind2="0">
    <subfield code="a">PN2287.367</subfield>
    <subfield code="b">A3 2014</subfield>
  </datafield>
  <datafield tag="082" ind1="0" ind2="4">
    <subfield code="a">791.4502/8092</subfield>
    <subfield code="2">23</subfield>
  </datafield>
  <datafield tag="100" ind1="1" ind2=" ">
    <subfield code="a">Thomas, Larry,</subfield>
    <subfield code="b">1956-</subfield>
    <subfield code="e">author.</subfield>
  </datafield>
  <datafield tag="245" ind1="1" ind2="0">
    <subfield code="a">Confessions of a Soup Nazi :</subfield>
    <subfield code="b">an adventure in acting and cooking /</subfield>
    <subfield code="c">Larry Thomas.</subfield>
  </datafield>
  <datafield tag="264" ind1=" " ind2="1">
    <subfield code="a">[Bloomington, IN] :</subfield>
    <subfield code="b">Xlibris,</subfield>
    <subfield code="c">2014.</subfield>
  </datafield>
  <datafield tag="300" ind1=" " ind2=" ">
    <subfield code="a">397 pages :</subfield>
    <subfield code="b">illustrations ;</subfield>
    <subfield code="c">23 cm</subfield>
  </datafield>
  <datafield tag="336" ind1=" " ind2=" ">
    <subfield code="a">text</subfield>
    <subfield code="b">txt</subfield>
    <subfield code="2">rdacontent</subfield>
  </datafield>
  <datafield tag="337" ind1=" " ind2=" ">
    <subfield code="a">unmediated</subfield>
    <subfield code="b">n</subfield>
    <subfield code="2">rdamedia</subfield>
  </datafield>
  <datafield tag="338" ind1=" " ind2=" ">
    <subfield code="a">volume</subfield>
    <subfield code="b">nc</subfield>
    <subfield code="2">rdacarrier</subfield>
  </datafield>
  <datafield tag="504" ind1=" " ind2=" ">
    <subfield code="a">Includes index.</subfield>
  </datafield>
  <datafield tag="520" ind1=" " ind2=" ">
    <subfield code="a">&quot;This entertaining autobiography/cook book will take you through the life of a dedicated actor who became an &quot;overnight success&quot; after 15 years... overnight being 15 years.&quot;--Page 4 of cover.</subfield>
  </datafield>
  <datafield tag="600" ind1="1" ind2="0">
    <subfield code="a">Thomas, Larry,</subfield>
    <subfield code="b">1956-</subfield>
  </datafield>
  <datafield tag="650" ind1=" " ind2="0">
    <subfield code="a">Television actors and actresses</subfield>
    <subfield code="v">Biography.</subfield>
  </datafield>
  <datafield tag="650" ind1=" " ind2="0">
    <subfield code="a">Cooking.</subfield>
  </datafield>
  <datafield tag="630" ind1="0" ind2="7">
    <subfield code="a">Seinfeld (Television program)</subfield>
    <subfield code="2">fast</subfield>
    <subfield code="0">(OCoLC)fst01382414</subfield>
  </datafield>
  <datafield tag="650" ind1=" " ind2="7">
    <subfield code="a">Acting.</subfield>
    <subfield code="2">fast</subfield>
    <subfield code="0">(OCoLC)fst00796146</subfield>
  </datafield>
  <datafield tag="650" ind1=" " ind2="7">
    <subfield code="a">Cooking, American.</subfield>
    <subfield code="2">fast</subfield>
    <subfield code="0">(OCoLC)fst01753224</subfield>
  </datafield>
  <datafield tag="650" ind1=" " ind2="7">
    <subfield code="a">Television actors and actresses.</subfield>
    <subfield code="2">fast</subfield>
    <subfield code="0">(OCoLC)fst01146641</subfield>
  </datafield>
  <datafield tag="655" ind1=" " ind2="7">
    <subfield code="a">Autobiographies.</subfield>
    <subfield code="2">fast</subfield>
    <subfield code="0">(OCoLC)fst01919894</subfield>
  </datafield>
  <datafield tag="655" ind1=" " ind2="7">
    <subfield code="a">Biographies.</subfield>
    <subfield code="2">fast</subfield>
    <subfield code="0">(OCoLC)fst01919896</subfield>
  </datafield>
  <datafield tag="655" ind1=" " ind2="7">
    <subfield code="a">Autobiographies.</subfield>
    <subfield code="2">lcgft</subfield>
  </datafield>
</record>