
<record>
  <leader>04427cam a2200529 i 4500</leader>
  <controlfield tag="001">18418999</controlfield>
  <controlfield tag="005">20200102121712.0</controlfield>
  <controlfield tag="008">141021s2014    is            001 0cheb  </controlfield>
  <datafield tag="906" ind1=" " ind2=" ">
    <subfield code="a">7</subfield>
    <subfield code="b">cbc</subfield>
    <subfield code="c">origres</subfield>
    <subfield code="d">3</subfield>
    <subfield code="e">ncip</subfield>
    <subfield code="f">20</subfield>
    <subfield code="g">y-nonroman</subfield>
  </datafield>
  <datafield tag="955" ind1=" " ind2=" ">
    <subfield code="b">x for xxD;</subfield>
    <subfield code="a">cd01 2015-09-23 added lccn and holding and item records</subfield>
    <subfield code="a">cd00 2015-09-23 to ASME/IJ;</subfield>
    <subfield code="b">cd23 2018-12-04 z-processor JACKPHY overlaid more complete record;</subfield>
    <subfield code="a">cd23 2018-12-04 to cd23 for full cat.;</subfield>
    <subfield code="i">cd23 2019-01-14 telework (unscheduled) to Hebraic shelves;</subfield>
    <subfield code="a">cd23 2020-01-02 telework Bibframe ymey</subfield>
  </datafield>
  <datafield tag="010" ind1=" " ind2=" ">
    <subfield code="a">  2015477694</subfield>
  </datafield>
  <datafield tag="035" ind1=" " ind2=" ">
    <subfield code="a">(IsJeAIW)wb2014405534</subfield>
  </datafield>
  <datafield tag="040" ind1=" " ind2=" ">
    <subfield code="a">DLC</subfield>
    <subfield code="b">eng</subfield>
    <subfield code="e">rda</subfield>
    <subfield code="c">DLC</subfield>
  </datafield>
  <datafield tag="042" ind1=" " ind2=" ">
    <subfield code="a">pcc</subfield>
  </datafield>
  <datafield tag="050" ind1="0" ind2="0">
    <subfield code="a">BM750</subfield>
    <subfield code="b">.Z33 2014</subfield>
  </datafield>
  <datafield tag="066" ind1=" " ind2=" ">
    <subfield code="c">(2</subfield>
  </datafield>
  <datafield tag="100" ind1="1" ind2=" ">
    <subfield code="6">880-01</subfield>
    <subfield code="a">Zaichyk, Ch.</subfield>
    <subfield code="q">(Chaim),</subfield>
    <subfield code="e">author.</subfield>
  </datafield>
  <datafield tag="880" ind1="1" ind2=" ">
    <subfield code="6">100-01/(2/r‏</subfield>
    <subfield code="a">‏זייצ&apos;יק, חיים אפרים.</subfield>
  </datafield>
  <datafield tag="240" ind1="1" ind2="0">
    <subfield code="a">Meʼorot ha-gedolim</subfield>
  </datafield>
  <datafield tag="245" ind1="1" ind2="0">
    <subfield code="6">880-02</subfield>
    <subfield code="a">Sefer ha-Meʼorot ha-gedolim :</subfield>
    <subfield code="b">ḳaṿe or ṿe-teʼurim mi-deyuḳanam shel ha-ishim ha-musriyim yotsre tenuʻat ha-musar, ḥayehem u-feʻulotehem /</subfield>
    <subfield code="c">me-et maran ha-gaʼon ha-tsadiḳ Rabi Ḥayim Efrayim Zaits&apos;iḳ, z. ts. ṿe-ḳ. l.l.h., mi-maʻatiḳe ha-shemuʻah ; nilḳaṭ ṿe-neʻerakh ʻa. y. Mekhon &quot;Nishmat Ḥayim&quot;.</subfield>
  </datafield>
  <datafield tag="880" ind1="1" ind2="1">
    <subfield code="6">245-02/(2/r‏</subfield>
    <subfield code="a">‏ספר המאורות הגדולים :‏</subfield>
    <subfield code="b">‏קווי אור ותיאורים מדיוקנם של האישים המוסריים יוצרי תנועת המוסר, חייהם ופעולותיהם /‏</subfield>
    <subfield code="c">‏מאת מרן הגאון הצדיק רבי חיים אפרים זייצ׳יק, זצוקלל&quot;ה, ממעתיקי השמועה ; נלקט ונערך ע&quot;י מכון &quot;נשמת חיים&quot;.</subfield>
  </datafield>
  <datafield tag="246" ind1="1" ind2="4">
    <subfield code="6">880-03</subfield>
    <subfield code="a">Meʼorot ha-gedolim :</subfield>
    <subfield code="b">hadrakhot, imrot, sipurim</subfield>
  </datafield>
  <datafield tag="880" ind1="1" ind2="4">
    <subfield code="6">246-03/(2/r‏</subfield>
    <subfield code="a">‏מאורות הגדולים :‏</subfield>
    <subfield code="b">‏הדרכות, אמרות, סיפורים</subfield>
  </datafield>
  <datafield tag="246" ind1="1" ind2="4">
    <subfield code="6">880-04</subfield>
    <subfield code="a">Bet ha-musar</subfield>
  </datafield>
  <datafield tag="880" ind1="1" ind2="4">
    <subfield code="6">246-04/(2/r‏</subfield>
    <subfield code="a">‏בית המוסר</subfield>
  </datafield>
  <datafield tag="264" ind1=" " ind2="1">
    <subfield code="6">880-05</subfield>
    <subfield code="a">Yerushalayim :</subfield>
    <subfield code="b">Mekhon &quot;Nishmat Ḥayim&quot;,</subfield>
    <subfield code="c">774 [2014]</subfield>
  </datafield>
  <datafield tag="880" ind1=" " ind2="1">
    <subfield code="6">264-05/(2/r‏</subfield>
    <subfield code="a">‏ירושלים :‏</subfield>
    <subfield code="b">‏מכון &quot;נשמת חיים&quot;,‏</subfield>
    <subfield code="c">‏תשע״ד.</subfield>
  </datafield>
  <datafield tag="300" ind1=" " ind2=" ">
    <subfield code="a">735 pages ;</subfield>
    <subfield code="c">25 cm</subfield>
  </datafield>
  <datafield tag="336" ind1=" " ind2=" ">
    <subfield code="a">text</subfield>
    <subfield code="b">txt</subfield>
    <subfield code="2">rdacontent</subfield>
  </datafield>
  <datafield tag="337" ind1=" " ind2=" ">
    <subfield code="a">unmediated</subfield>
    <subfield code="b">n</subfield>
    <subfield code="2">rdamedia</subfield>
  </datafield>
  <datafield tag="338" ind1=" " ind2=" ">
    <subfield code="a">volume</subfield>
    <subfield code="b">nc</subfield>
    <subfield code="2">rdacarrier</subfield>
  </datafield>
  <datafield tag="500" ind1=" " ind2=" ">
    <subfield code="a">Includes indexes.</subfield>
  </datafield>
  <datafield tag="505" ind1="0" ind2=" ">
    <subfield code="6">880-06</subfield>
    <subfield code="a">Toldot ha-meḥaber, zatsal -- Haḳdamat ha-meḥaber, zatsal, le-mahadurah 1 -- Haḳdamah le-mahadurah 3 -- Maʼamar ʻal &quot;Beḥire ha-yetsurim&quot; -- Rabi Yiśraʼel mi-Salanṭ -- ha-Saba mi-Ḳelm -- Rabi Yitsḥaḳ Blazer -- Rabi Naftali Amsṭerdam -- Toldot ha-Saba mi-Novhardoḳ ṿe-yeshivotaṿ -- ha-Saba mi-Novhardoḳ -- ha-Saba mi-Slabodḳah -- he-Ḥafets Ḥayim --Gedole Novhardoḳ -- R. Avraham Zalmens -- R. Daṿid Blaikher -- R. Daṿid Bodniḳ -- R. Yiśraʼel Yaʻaḳov Lubṭshansḳi -- R. Shemuʼel Ṿainṭrob -- Talmide Novhardoḳ -- Peninim ṿe-leḳaḥim musariyim -- Ḥinukh ṿe-ʻidun ha-hergeshim -- Reshimat ʻarakhim -- Mafteaḥ ʻarakhim - Mafteaḥ ishim.</subfield>
  </datafield>
  <datafield tag="880" ind1="0" ind2=" ">
    <subfield code="6">505-06/(2/r‏</subfield>
    <subfield code="a">‏תולדות המחבר זצ&quot;ל -- הקדמת המחבר זצ&quot;ל למהדורה א&apos; -- הקדמה למהדורה ג&apos; -- מאמר על &quot;בחירי היצורים&quot; -- רבי ישראל מסלנט -- הסבא מקלם -- רבי יצחק בלאזר -- רבי נפתלי אמסטרדם -- תולדות הסבא מנובהרדוק וישיבותיו -- הסבא מנובהרדוק -- הסבא מסלבודקה -- החפץ חיים -- גדולי נובהרדוק -- ר&apos; אברהם זלמנס -- ר&apos; דוד בלייכר -- ר&apos; דוד בודניק -- ר&apos; ישראל יעקב לובטשאנסקי -- ר&apos; שמואל ויינטרוב -- תלמידי נובהרדוק -- פנינים ולקחים מוסריים -- חינוך ועידון ההרגשים -- רשימת ערכים -- מפתח ערכים -- מפתח אישים.</subfield>
  </datafield>
  <datafield tag="600" ind1="1" ind2="0">
    <subfield code="a">Salanter, Israel,</subfield>
    <subfield code="d">1810-1883.</subfield>
  </datafield>
  <datafield tag="600" ind1="1" ind2="0">
    <subfield code="a">Horoṿits, Yosef Yozl,</subfield>
    <subfield code="d">1847 or 1848-1919.</subfield>
  </datafield>
  <datafield tag="600" ind1="1" ind2="0">
    <subfield code="a">Israel Meir,</subfield>
    <subfield code="c">ha-Kohen,</subfield>
    <subfield code="d">1838-1933.</subfield>
  </datafield>
  <datafield tag="650" ind1=" " ind2="0">
    <subfield code="a">Musar movement</subfield>
    <subfield code="v">Biography.</subfield>
  </datafield>
  <datafield tag="650" ind1=" " ind2="0">
    <subfield code="a">Rabbis</subfield>
    <subfield code="v">Biography.</subfield>
  </datafield>
  <datafield tag="650" ind1=" " ind2="0">
    <subfield code="a">Rabbis</subfield>
    <subfield code="v">Anecdotes.</subfield>
  </datafield>
  <datafield tag="650" ind1=" " ind2="0">
    <subfield code="a">Jewish ethics.</subfield>
  </datafield>
  <datafield tag="600" ind1="1" ind2="0">
    <subfield code="a">Zaichyk, Ch.</subfield>
    <subfield code="q">(Chaim)</subfield>
  </datafield>
  <datafield tag="710" ind1="2" ind2=" ">
    <subfield code="6">880-07</subfield>
    <subfield code="a">Mekhon &quot;Nishmat Ḥayim&quot; (Jerusalem)</subfield>
  </datafield>
  <datafield tag="880" ind1="2" ind2=" ">
    <subfield code="6">710-07/(2/r‏</subfield>
    <subfield code="a">‏מכון &quot;נשמת חיים.&quot;</subfield>
  </datafield>
  <datafield tag="923" ind1=" " ind2=" ">
    <subfield code="d">20141201</subfield>
    <subfield code="n">25966</subfield>
    <subfield code="s">IsJeAIW</subfield>
  </datafield>
  <datafield tag="985" ind1=" " ind2=" ">
    <subfield code="e">VENDOR LOAD</subfield>
  </datafield>
  <datafield tag="985" ind1=" " ind2=" ">
    <subfield code="a">BibframePilot2</subfield>
    <subfield code="e">20180504</subfield>
  </datafield>
</record>