
<record>
  <leader>02311cjm a22005057a 4500</leader>
  <controlfield tag="001">18447324</controlfield>
  <controlfield tag="005">20200102170409.0</controlfield>
  <controlfield tag="007">sd fsngnnmmned</controlfield>
  <controlfield tag="008">150113p19891982sw ctn|  di       | swe d</controlfield>
  <datafield tag="906" ind1=" " ind2=" ">
    <subfield code="a">7</subfield>
    <subfield code="b">cbc</subfield>
    <subfield code="c">copycat</subfield>
    <subfield code="d">2</subfield>
    <subfield code="e">ncip</subfield>
    <subfield code="f">20</subfield>
    <subfield code="g">y-soundrec</subfield>
  </datafield>
  <datafield tag="925" ind1="0" ind2=" ">
    <subfield code="a">acquire</subfield>
    <subfield code="b">2 shelf copies</subfield>
    <subfield code="x">policy default</subfield>
  </datafield>
  <datafield tag="955" ind1=" " ind2=" ">
    <subfield code="a">qr06 2015-01-13 z-client</subfield>
    <subfield code="i">qr06 2015-01-13</subfield>
  </datafield>
  <datafield tag="010" ind1=" " ind2=" ">
    <subfield code="a">  2015616415</subfield>
  </datafield>
  <datafield tag="028" ind1="0" ind2="2">
    <subfield code="a">ABCD 025</subfield>
    <subfield code="b">Bluebell</subfield>
  </datafield>
  <datafield tag="035" ind1=" " ind2=" ">
    <subfield code="a">(OCoLC)ocm19772544</subfield>
  </datafield>
  <datafield tag="040" ind1=" " ind2=" ">
    <subfield code="a">CFS</subfield>
    <subfield code="b">eng</subfield>
    <subfield code="c">CFS</subfield>
    <subfield code="d">INU</subfield>
    <subfield code="d">OCLCG</subfield>
    <subfield code="d">OCLCQ</subfield>
    <subfield code="d">UWO</subfield>
    <subfield code="d">OCLCF</subfield>
    <subfield code="d">OCLCO</subfield>
    <subfield code="d">DLC</subfield>
  </datafield>
  <datafield tag="041" ind1="1" ind2=" ">
    <subfield code="d">swe</subfield>
    <subfield code="e">swe</subfield>
    <subfield code="n">eng</subfield>
    <subfield code="g">engswe</subfield>
  </datafield>
  <datafield tag="042" ind1=" " ind2=" ">
    <subfield code="a">lccopycat</subfield>
  </datafield>
  <datafield tag="050" ind1="0" ind2="0">
    <subfield code="a">SDC 46139</subfield>
  </datafield>
  <datafield tag="100" ind1="1" ind2=" ">
    <subfield code="a">Alfvén, Hugo,</subfield>
    <subfield code="d">1872-1960.</subfield>
  </datafield>
  <datafield tag="240" ind1="1" ind2="0">
    <subfield code="a">Herrens bön</subfield>
  </datafield>
  <datafield tag="245" ind1="1" ind2="4">
    <subfield code="a">The Lord&apos;s prayer</subfield>
    <subfield code="h">[sound recording] /</subfield>
    <subfield code="c">Hugo Alfvén.</subfield>
  </datafield>
  <datafield tag="260" ind1=" " ind2=" ">
    <subfield code="a">[Sweden] :</subfield>
    <subfield code="b">Bluebell,</subfield>
    <subfield code="c">[1989], 1982.</subfield>
  </datafield>
  <datafield tag="300" ind1=" " ind2=" ">
    <subfield code="a">1 sound disc :</subfield>
    <subfield code="b">digital ;</subfield>
    <subfield code="c">4 3/4 in.</subfield>
  </datafield>
  <datafield tag="306" ind1=" " ind2=" ">
    <subfield code="a">004424</subfield>
  </datafield>
  <datafield tag="500" ind1=" " ind2=" ">
    <subfield code="a">Cantata.</subfield>
  </datafield>
  <datafield tag="500" ind1=" " ind2=" ">
    <subfield code="a">For solo voices, chorus, and orchestra.</subfield>
  </datafield>
  <datafield tag="500" ind1=" " ind2=" ">
    <subfield code="a">Compact disc.</subfield>
  </datafield>
  <datafield tag="500" ind1=" " ind2=" ">
    <subfield code="a">Text from a portion of Erik Johan Stagnelius&apos; poem The martyrs.</subfield>
  </datafield>
  <datafield tag="511" ind1="0" ind2=" ">
    <subfield code="a">Iwa Sörenson, soprano ; Birgitta Svendén, mezzo-soprano ; Christer Solén, tenor ; Rolf Leanderson, baritone ; Stockholms motettkör ; Storkyrkans Kör ; Symfoniorkestern Norrköping ; Gustav Sjökvist, conductor.</subfield>
  </datafield>
  <datafield tag="518" ind1=" " ind2=" ">
    <subfield code="a">Recorded in the Stockholm Concert Hall, Nov. 12, 1982.</subfield>
  </datafield>
  <datafield tag="500" ind1=" " ind2=" ">
    <subfield code="a">Digitally remastered analog recording.</subfield>
  </datafield>
  <datafield tag="500" ind1=" " ind2=" ">
    <subfield code="a">Duration: 44:24.</subfield>
  </datafield>
  <datafield tag="500" ind1=" " ind2=" ">
    <subfield code="a">Program notes and text in Swedish with English translations (6 p.)--laid in container.</subfield>
  </datafield>
  <datafield tag="505" ind1="0" ind2="0">
    <subfield code="t">Herrans bon /</subfield>
    <subfield code="r">Hugo Alfven ; Erik Johan Stagnelius</subfield>
    <subfield code="r">(Iwa Sorenson, soprano ; Rolf Leanderson, baritone ; Christer Solen, tenor ; Brigitta Svenden, mezzo-soprano ; Gustaf Sjokvist, conductor ; Norrkoping Symphony Orchestra ; Stockholm Motet Choir ; Storkyrkans Kor).</subfield>
  </datafield>
  <datafield tag="650" ind1=" " ind2="0">
    <subfield code="a">Cantatas, Sacred.</subfield>
  </datafield>
  <datafield tag="600" ind1="1" ind2="0">
    <subfield code="a">Stagnelius, Erik Johan,</subfield>
    <subfield code="d">1793-1823</subfield>
    <subfield code="v">Musical settings.</subfield>
  </datafield>
  <datafield tag="700" ind1="1" ind2=" ">
    <subfield code="a">Sörenson, Iwa.</subfield>
    <subfield code="4">prf</subfield>
  </datafield>
  <datafield tag="700" ind1="1" ind2=" ">
    <subfield code="a">Svendén, Birgitta.</subfield>
    <subfield code="4">prf</subfield>
  </datafield>
  <datafield tag="700" ind1="1" ind2=" ">
    <subfield code="a">Solén, Christer.</subfield>
    <subfield code="4">prf</subfield>
  </datafield>
  <datafield tag="700" ind1="1" ind2=" ">
    <subfield code="a">Leanderson, Rolf.</subfield>
    <subfield code="4">prf</subfield>
  </datafield>
  <datafield tag="700" ind1="1" ind2=" ">
    <subfield code="a">Sjökvist, Gustaf,</subfield>
    <subfield code="d">1943-2015.</subfield>
    <subfield code="4">cnd</subfield>
  </datafield>
  <datafield tag="710" ind1="2" ind2=" ">
    <subfield code="a">Stockholms motettkör.</subfield>
    <subfield code="4">prf</subfield>
  </datafield>
  <datafield tag="710" ind1="2" ind2=" ">
    <subfield code="a">Storkyrkan (Stockholm, Sweden).</subfield>
    <subfield code="b">Kör.</subfield>
    <subfield code="4">prf</subfield>
  </datafield>
  <datafield tag="710" ind1="2" ind2=" ">
    <subfield code="a">Symfoniorkestern Norrköping.</subfield>
    <subfield code="4">prf</subfield>
  </datafield>
</record>