
<record>
  <leader>02702cam a2200349 i 4500</leader>
  <controlfield tag="001">18454015</controlfield>
  <controlfield tag="005">20200102163650.0</controlfield>
  <controlfield tag="008">140513s2011    un a     b    101 0 rus  </controlfield>
  <datafield tag="906" ind1=" " ind2=" ">
    <subfield code="a">0</subfield>
    <subfield code="b">ibc</subfield>
    <subfield code="c">origres</subfield>
    <subfield code="d">3</subfield>
    <subfield code="e">ncip</subfield>
    <subfield code="f">20</subfield>
    <subfield code="g">y-nonroman</subfield>
  </datafield>
  <datafield tag="925" ind1="0" ind2=" ">
    <subfield code="a">acquire</subfield>
    <subfield code="b">1 shelf copy</subfield>
    <subfield code="x">policy default</subfield>
  </datafield>
  <datafield tag="955" ind1=" " ind2=" ">
    <subfield code="b">fc69 2015-04-03 telework to ECE</subfield>
    <subfield code="a">fc00 2015-04-07 to GS/ECE</subfield>
    <subfield code="i">fc04 2020-01-02 to BCCD</subfield>
  </datafield>
  <datafield tag="010" ind1=" " ind2=" ">
    <subfield code="a">  2015384148</subfield>
  </datafield>
  <datafield tag="035" ind1=" " ind2=" ">
    <subfield code="a">(RuMoEVIS)ev5118684B</subfield>
  </datafield>
  <datafield tag="040" ind1=" " ind2=" ">
    <subfield code="a">DLC</subfield>
    <subfield code="b">eng</subfield>
    <subfield code="e">rda</subfield>
    <subfield code="c">DLC</subfield>
  </datafield>
  <datafield tag="041" ind1="0" ind2=" ">
    <subfield code="a">rus</subfield>
    <subfield code="a">ukr</subfield>
  </datafield>
  <datafield tag="042" ind1=" " ind2=" ">
    <subfield code="a">pcc</subfield>
  </datafield>
  <datafield tag="066" ind1=" " ind2=" ">
    <subfield code="c">(N</subfield>
    <subfield code="c">(Q</subfield>
  </datafield>
  <datafield tag="111" ind1="2" ind2=" ">
    <subfield code="6">880-01</subfield>
    <subfield code="a">Suchasni informat︠s︡iĭni tekhnolohiï v ekonomit︠s︡i ta upravlinni pidpryi︠e︡mstvamy, prohramamy i proektamy (Conference)</subfield>
    <subfield code="n">(9th :</subfield>
    <subfield code="d">2011 :</subfield>
    <subfield code="c">Alushta, Ukraine)</subfield>
  </datafield>
  <datafield tag="880" ind1="2" ind2=" ">
    <subfield code="6">111-01/(N</subfield>
    <subfield code="a">Сучасні інформаційні технології в економіці та управлінні підприємствами, програмами і проектами (Conference)</subfield>
    <subfield code="n">(9th :</subfield>
    <subfield code="d">2011 :</subfield>
    <subfield code="c">Alushta, Ukraine)</subfield>
  </datafield>
  <datafield tag="245" ind1="1" ind2="0">
    <subfield code="6">880-02</subfield>
    <subfield code="a">&quot;Sovremennye informat︠s︡ionnye tekhnologii v ėkonomike i upravlenii predprii︠a︡tii︠a︡mi, programmami i proektami&quot;  :</subfield>
    <subfield code="b">IX Mezhdunarodnai︠a︡ nauchno-prakticheskai︠a︡ konferent︠s︡ii︠a︡ : tezisy dokladov /</subfield>
    <subfield code="c">otvetstvennyĭ redaktor: Romanenkov I︠U︡.A.</subfield>
  </datafield>
  <datafield tag="880" ind1="1" ind2="0">
    <subfield code="6">245-02/(N</subfield>
    <subfield code="a">&quot;Современные информационные технологии в экономике и управлении предприятими, программами и проектами&quot; :</subfield>
    <subfield code="b">IX Международная научно-практическая конференция : тезисы докладов /</subfield>
    <subfield code="c">ответственный редактор: Романенков Ю.А.</subfield>
  </datafield>
  <datafield tag="246" ind1="1" ind2="4">
    <subfield code="6">880-03</subfield>
    <subfield code="a">Ekonomika ta upravlinni︠a︡ pidpryi︠e︡mstvamy mashynobudivnoï haluzi :</subfield>
    <subfield code="b">problemy teoriï ta praktyky</subfield>
  </datafield>
  <datafield tag="880" ind1="1" ind2="4">
    <subfield code="6">246-03/(N</subfield>
    <subfield code="a">Економіка та управління підприємствами машинобудівної галузі :</subfield>
    <subfield code="b">проблеми теорії та практики</subfield>
  </datafield>
  <datafield tag="264" ind1=" " ind2="1">
    <subfield code="6">880-04</subfield>
    <subfield code="a">Kharʹkov :</subfield>
    <subfield code="b">Nat︠s︡ionalʹnyĭ aerokosmicheskiĭ universitet &quot;Kharʹkovsʹkiĭ aviat︠s︡ionnyĭ institut&quot;,</subfield>
    <subfield code="c">2011.</subfield>
  </datafield>
  <datafield tag="880" ind1=" " ind2="1">
    <subfield code="6">264-04/(N</subfield>
    <subfield code="a">Харьков :</subfield>
    <subfield code="b">Национальный аерокосмический университет &quot;Харьковский авиационный институт&quot;,</subfield>
    <subfield code="c">2011.</subfield>
  </datafield>
  <datafield tag="300" ind1=" " ind2=" ">
    <subfield code="a">325 pages :</subfield>
    <subfield code="b">illustrations ;</subfield>
    <subfield code="c">21 cm</subfield>
  </datafield>
  <datafield tag="336" ind1=" " ind2=" ">
    <subfield code="a">text</subfield>
    <subfield code="2">rdacontent</subfield>
  </datafield>
  <datafield tag="337" ind1=" " ind2=" ">
    <subfield code="a">unmediated</subfield>
    <subfield code="2">rdamedia</subfield>
  </datafield>
  <datafield tag="338" ind1=" " ind2=" ">
    <subfield code="a">volume</subfield>
    <subfield code="2">rdacarrier</subfield>
  </datafield>
  <datafield tag="546" ind1=" " ind2=" ">
    <subfield code="a">Contributions in Russian or Ukrainian.</subfield>
  </datafield>
  <datafield tag="504" ind1=" " ind2=" ">
    <subfield code="a">Includes bibliographical references and indexes.</subfield>
  </datafield>
  <datafield tag="923" ind1=" " ind2=" ">
    <subfield code="d">20141231</subfield>
    <subfield code="n">30007423</subfield>
    <subfield code="s">RuMoEVIS</subfield>
  </datafield>
</record>