
<record>
  <leader>01470cjm a22002897a 4500</leader>
  <controlfield tag="001">18497410</controlfield>
  <controlfield tag="005">20200102132730.0</controlfield>
  <controlfield tag="007">sd fsngnnmmned</controlfield>
  <controlfield tag="008">150219s1997    cauppn|           | spa  </controlfield>
  <datafield tag="906" ind1=" " ind2=" ">
    <subfield code="a">7</subfield>
    <subfield code="b">cbc</subfield>
    <subfield code="c">origres</subfield>
    <subfield code="d">2</subfield>
    <subfield code="e">ncip</subfield>
    <subfield code="f">20</subfield>
    <subfield code="g">y-soundrec</subfield>
  </datafield>
  <datafield tag="925" ind1="0" ind2=" ">
    <subfield code="a">acquire</subfield>
    <subfield code="b">2 shelf copies</subfield>
    <subfield code="x">policy default</subfield>
  </datafield>
  <datafield tag="955" ind1=" " ind2=" ">
    <subfield code="a">qr19 2015-02-19</subfield>
  </datafield>
  <datafield tag="010" ind1=" " ind2=" ">
    <subfield code="a">  2015617788</subfield>
  </datafield>
  <datafield tag="024" ind1="1" ind2=" ">
    <subfield code="a">616117100528</subfield>
  </datafield>
  <datafield tag="028" ind1="0" ind2="2">
    <subfield code="a">1005-2</subfield>
    <subfield code="b">Ahí-Namá Music</subfield>
  </datafield>
  <datafield tag="040" ind1=" " ind2=" ">
    <subfield code="a">DLC</subfield>
    <subfield code="c">DLC</subfield>
    <subfield code="d">DLC</subfield>
  </datafield>
  <datafield tag="043" ind1=" " ind2=" ">
    <subfield code="a">nwcu---</subfield>
  </datafield>
  <datafield tag="050" ind1="0" ind2="0">
    <subfield code="a">SDC 47420</subfield>
  </datafield>
  <datafield tag="245" ind1="0" ind2="0">
    <subfield code="a">A nuestros padres</subfield>
    <subfield code="h">[sound recording] /</subfield>
    <subfield code="c">Voces.</subfield>
  </datafield>
  <datafield tag="260" ind1=" " ind2=" ">
    <subfield code="a">North Hollywood, CA :</subfield>
    <subfield code="b">Ahí-Namá Music,</subfield>
    <subfield code="c">p1997.</subfield>
  </datafield>
  <datafield tag="300" ind1=" " ind2=" ">
    <subfield code="a">1 sound disc :</subfield>
    <subfield code="b">digital ;</subfield>
    <subfield code="c">4 3/4 in.</subfield>
  </datafield>
  <datafield tag="546" ind1=" " ind2=" ">
    <subfield code="a">Sung in Spanish.</subfield>
  </datafield>
  <datafield tag="511" ind1="0" ind2=" ">
    <subfield code="a">Voces (Mirtha Milián, Patricia Sánchez, Marina Pinedo, Yvonne Alfaro, Bárbara Milián, Lumey Alba, vocals) ; Julio C. Hernández, acoustic guitar ; Ernesto Sierra, requinto guitar ; Oscar Rodríguez, bass ; Juan C. Rojas, bongos.</subfield>
  </datafield>
  <datafield tag="500" ind1=" " ind2=" ">
    <subfield code="a">Compact disc.</subfield>
  </datafield>
  <datafield tag="505" ind1="0" ind2=" ">
    <subfield code="a">Tratemos de robarnos la ternura (2:10) -- Cómo fue (1:39) -- Ojos malignos (2:25) -- Capullito de aleli (2:59) -- Llora llora (1:53) -- Al fin amor (1:55) -- Fuga campesina (1:30) -- Cumbanhero (1:56) -- El amor de mi boleo (2:20) -- Olvido (2:51) -- El manisero (1:42) -- La perla marina (1:50) -- Guantanamera (1:58) -- Week (:30) -- Mi tierra (2:37) -- Negro Bembón (2:14).</subfield>
  </datafield>
  <datafield tag="500" ind1=" " ind2=" ">
    <subfield code="a">Minimal level cataloging.</subfield>
  </datafield>
  <datafield tag="650" ind1=" " ind2="0">
    <subfield code="a">Popular music</subfield>
    <subfield code="z">Cuba</subfield>
    <subfield code="y">1991-2000.</subfield>
  </datafield>
</record>