
<record>
  <leader>01470cam a2200337 i 4500</leader>
  <controlfield tag="001">18513357</controlfield>
  <controlfield tag="005">20200102163754.0</controlfield>
  <controlfield tag="008">150303s2014    xx            000 0 rus  </controlfield>
  <datafield tag="906" ind1=" " ind2=" ">
    <subfield code="a">0</subfield>
    <subfield code="b">ibc</subfield>
    <subfield code="c">orignew</subfield>
    <subfield code="d">3</subfield>
    <subfield code="e">ncip</subfield>
    <subfield code="f">20</subfield>
    <subfield code="g">y-gencatlg</subfield>
  </datafield>
  <datafield tag="925" ind1="0" ind2=" ">
    <subfield code="a">acquire</subfield>
    <subfield code="b">1 shelf copy</subfield>
    <subfield code="x">policy default</subfield>
  </datafield>
  <datafield tag="955" ind1=" " ind2=" ">
    <subfield code="b">cd12 2015-03-03 to cd16</subfield>
    <subfield code="a">cd00 2015-03-03 to ASME/IJ</subfield>
    <subfield code="a">cd24 2020-01-02</subfield>
    <subfield code="i">cd24 2020-01-02</subfield>
  </datafield>
  <datafield tag="010" ind1=" " ind2=" ">
    <subfield code="a">  2015370082</subfield>
  </datafield>
  <datafield tag="020" ind1=" " ind2=" ">
    <subfield code="a">9789939582153</subfield>
  </datafield>
  <datafield tag="040" ind1=" " ind2=" ">
    <subfield code="a">DLC</subfield>
    <subfield code="b">eng</subfield>
    <subfield code="c">DLC</subfield>
    <subfield code="e">rda</subfield>
  </datafield>
  <datafield tag="042" ind1=" " ind2=" ">
    <subfield code="a">pcc</subfield>
  </datafield>
  <datafield tag="050" ind1="0" ind2="0">
    <subfield code="a">PG3491.42.G37</subfield>
    <subfield code="b">A6 2014</subfield>
  </datafield>
  <datafield tag="066" ind1=" " ind2=" ">
    <subfield code="c">(N</subfield>
  </datafield>
  <datafield tag="100" ind1="1" ind2=" ">
    <subfield code="a">Bagdasari︠a︡n, Robert,</subfield>
    <subfield code="d">1947-</subfield>
    <subfield code="e">author.</subfield>
  </datafield>
  <datafield tag="240" ind1="1" ind2="0">
    <subfield code="a">Short stories.</subfield>
    <subfield code="k">Selections</subfield>
  </datafield>
  <datafield tag="245" ind1="1" ind2="0">
    <subfield code="6">880-01</subfield>
    <subfield code="a">Sueta suet :</subfield>
    <subfield code="b">rasskazy i novelly /</subfield>
    <subfield code="c">Robert Bagdasari︠a︡n.</subfield>
  </datafield>
  <datafield tag="880" ind1="1" ind2="0">
    <subfield code="6">245-01/(N</subfield>
    <subfield code="a">Суета сует :</subfield>
    <subfield code="b">рассказы и новеллы /</subfield>
    <subfield code="c">Роберт Багдасарян.</subfield>
  </datafield>
  <datafield tag="264" ind1=" " ind2="1">
    <subfield code="6">880-02</subfield>
    <subfield code="a">Erevan :</subfield>
    <subfield code="b">Izdatelʹstvo Soi︠u︡za pisateleĭ Armenii,</subfield>
    <subfield code="c">2014.</subfield>
  </datafield>
  <datafield tag="880" ind1=" " ind2="1">
    <subfield code="6">264-02/(N‏</subfield>
    <subfield code="a">Ереван :</subfield>
    <subfield code="b">Издательство Союза писателей Армении,</subfield>
    <subfield code="c">2014.</subfield>
  </datafield>
  <datafield tag="300" ind1=" " ind2=" ">
    <subfield code="a">219 pages ;</subfield>
    <subfield code="c">21 cm</subfield>
  </datafield>
  <datafield tag="336" ind1=" " ind2=" ">
    <subfield code="a">text</subfield>
    <subfield code="b">txt</subfield>
    <subfield code="2">rdacontent</subfield>
  </datafield>
  <datafield tag="337" ind1=" " ind2=" ">
    <subfield code="a">unmediated</subfield>
    <subfield code="b">n</subfield>
    <subfield code="2">rdamedia</subfield>
  </datafield>
  <datafield tag="338" ind1=" " ind2=" ">
    <subfield code="a">volume</subfield>
    <subfield code="b">nc</subfield>
    <subfield code="2">rdacarrier</subfield>
  </datafield>
  <datafield tag="500" ind1=" " ind2=" ">
    <subfield code="a">Short stories.</subfield>
  </datafield>
  <datafield tag="505" ind1="0" ind2=" ">
    <subfield code="6">880-03</subfield>
    <subfield code="a">T︠S︡ikl &quot;Detskiĭ kaleĭdoskop&quot; -- T︠S︡ikl &quot;Sueta suet&quot;.</subfield>
  </datafield>
  <datafield tag="880" ind1="0" ind2=" ">
    <subfield code="6">505-03/(N</subfield>
    <subfield code="a">Цикл &quot;Детский калейдоскоп&quot; -- Цикл &quot;Суета сует&quot;.</subfield>
  </datafield>
  <datafield tag="923" ind1=" " ind2=" ">
    <subfield code="d">2014-11-22</subfield>
    <subfield code="n">2014761</subfield>
    <subfield code="s">ATC Books</subfield>
  </datafield>
</record>