
<record>
  <leader>02411cam a2200349 i 4500</leader>
  <controlfield tag="001">18520778</controlfield>
  <controlfield tag="005">20200102071006.0</controlfield>
  <controlfield tag="008">140621s2012    iq       b    000 0 ara  </controlfield>
  <datafield tag="906" ind1=" " ind2=" ">
    <subfield code="a">7</subfield>
    <subfield code="b">cbc</subfield>
    <subfield code="c">origode</subfield>
    <subfield code="d">3</subfield>
    <subfield code="e">ncip</subfield>
    <subfield code="f">20</subfield>
    <subfield code="g">y-nonroman</subfield>
  </datafield>
  <datafield tag="925" ind1="1" ind2=" ">
    <subfield code="a">acquire</subfield>
    <subfield code="b">1 shelf copy</subfield>
    <subfield code="x">policy default</subfield>
  </datafield>
  <datafield tag="955" ind1=" " ind2=" ">
    <subfield code="b">we51 2015-04-16 to ASME/ME</subfield>
    <subfield code="i">cm11 2019-12-20 Telework to BCCD</subfield>
  </datafield>
  <datafield tag="010" ind1=" " ind2=" ">
    <subfield code="a">  2014337489</subfield>
  </datafield>
  <datafield tag="040" ind1=" " ind2=" ">
    <subfield code="a">DLC</subfield>
    <subfield code="b">eng</subfield>
    <subfield code="e">rda</subfield>
    <subfield code="c">DLC</subfield>
  </datafield>
  <datafield tag="042" ind1=" " ind2=" ">
    <subfield code="a">lcode</subfield>
    <subfield code="a">pcc</subfield>
  </datafield>
  <datafield tag="050" ind1="0" ind2="0">
    <subfield code="a">BP188.8.I72</subfield>
    <subfield code="b">M677 2012</subfield>
  </datafield>
  <datafield tag="066" ind1=" " ind2=" ">
    <subfield code="c">(3</subfield>
    <subfield code="c">(4</subfield>
  </datafield>
  <datafield tag="100" ind1="1" ind2=" ">
    <subfield code="6">880-01</subfield>
    <subfield code="a">Saʻīd, Shaʻbān ʻAbd Allāh.</subfield>
  </datafield>
  <datafield tag="880" ind1="1" ind2=" ">
    <subfield code="6">100-01/(3/r‏</subfield>
    <subfield code="a">‏سعيد، شعبان عبد الله.</subfield>
  </datafield>
  <datafield tag="245" ind1="1" ind2="3">
    <subfield code="6">880-02</subfield>
    <subfield code="a">al-Athar al-ijtimāʻī wa-al-siyāsī lil-ṭuruq wa-firaq al-Ṣūfīyah fī wilāyat al-Mūṣil fī al-qarn al-tāsiʻ ʻashar, 1800-1899M /</subfield>
    <subfield code="c">risālah taqaddama bihā al-ṭālib Shaʻbān ʻAbd Allāh Saʻīd ilá majlis al-Akādīmīyah al-ʻUlyā lil-Dirāsāt al-ʻIlmīyah wa-al-Insānīyah bi-Baghdād ; bi-ishrāf U.M.D Majīd Ḥamīd al-Sammākīyah.</subfield>
  </datafield>
  <datafield tag="880" ind1="1" ind2="2">
    <subfield code="6">245-02/(3/r‏</subfield>
    <subfield code="a">‏الأثر الإجتماعي والسياسي للطرق وفرق الصوفية في ولاية الموصل في القرن التاسع عشر،1800-1899م /‏</subfield>
    <subfield code="c">رسالة تقدم بها الطالب شعبان عبد الله سعيد إلى مجلس الأكاديمية العليا للدراسات العلمية والإنسانية ببغداد ؛ بإشراف أ.م.د مجيد حميد السماكية.</subfield>
  </datafield>
  <datafield tag="246" ind1="1" ind2="5">
    <subfield code="a">Social and political effect of Sufizim and extremist groupes in Mosul wilayat during 19th century (1800-1899 A.D) :</subfield>
    <subfield code="b">a thesis submitted to the council of the Academy of the Higher Scientific and Humenitairian Studies in partial fulfilment of the requirements for the Masters degree in Islamic Sciences (Shari&apos;a)</subfield>
  </datafield>
  <datafield tag="264" ind1=" " ind2="1">
    <subfield code="6">880-03</subfield>
    <subfield code="a">Baghdād :</subfield>
    <subfield code="b">Dār Jiyā lil-Ṭibāʻah wa-al-Nashr,</subfield>
    <subfield code="c">2012.</subfield>
  </datafield>
  <datafield tag="880" ind1=" " ind2="1">
    <subfield code="6">264-03/(3/r‏</subfield>
    <subfield code="a">‏بغداد :‏</subfield>
    <subfield code="b">‏دار جيا للطباعة والنشر،‏</subfield>
    <subfield code="c">2012.</subfield>
  </datafield>
  <datafield tag="300" ind1=" " ind2=" ">
    <subfield code="a">240 pages ;</subfield>
    <subfield code="c">25 cm</subfield>
  </datafield>
  <datafield tag="336" ind1=" " ind2=" ">
    <subfield code="a">text</subfield>
    <subfield code="b">txt</subfield>
    <subfield code="2">rdacontent</subfield>
  </datafield>
  <datafield tag="337" ind1=" " ind2=" ">
    <subfield code="a">unmediated</subfield>
    <subfield code="b">n</subfield>
    <subfield code="2">rdamedia</subfield>
  </datafield>
  <datafield tag="338" ind1=" " ind2=" ">
    <subfield code="a">volume</subfield>
    <subfield code="b">nc</subfield>
    <subfield code="2">rdacarrier</subfield>
  </datafield>
  <datafield tag="504" ind1=" " ind2=" ">
    <subfield code="a">Includes bibliographical references.</subfield>
  </datafield>
  <datafield tag="650" ind1=" " ind2="0">
    <subfield code="a">Sufism</subfield>
    <subfield code="z">Iraq</subfield>
    <subfield code="z">Mosul</subfield>
    <subfield code="x">History</subfield>
    <subfield code="y">19th century.</subfield>
  </datafield>
  <datafield tag="650" ind1=" " ind2="0">
    <subfield code="a">Islamic sects</subfield>
    <subfield code="z">Iraq</subfield>
    <subfield code="z">Mosul</subfield>
    <subfield code="x">History</subfield>
    <subfield code="y">19th century.</subfield>
  </datafield>
  <datafield tag="651" ind1=" " ind2="0">
    <subfield code="a">Mosul (Iraq)</subfield>
    <subfield code="x">History</subfield>
    <subfield code="y">19th century.</subfield>
  </datafield>
  <datafield tag="985" ind1=" " ind2=" ">
    <subfield code="e">ODE-ca</subfield>
  </datafield>
</record>