
<record>
  <leader>04075cjm a2200733 a 4500</leader>
  <controlfield tag="001">18650651</controlfield>
  <controlfield tag="005">20200102170320.0</controlfield>
  <controlfield tag="007">sd fsngnnmmned</controlfield>
  <controlfield tag="008">150609s1994    sw zzn|  defi     | swe d</controlfield>
  <datafield tag="906" ind1=" " ind2=" ">
    <subfield code="a">7</subfield>
    <subfield code="b">cbc</subfield>
    <subfield code="c">copycat</subfield>
    <subfield code="d">2</subfield>
    <subfield code="e">ncip</subfield>
    <subfield code="f">20</subfield>
    <subfield code="g">y-soundrec</subfield>
  </datafield>
  <datafield tag="925" ind1="0" ind2=" ">
    <subfield code="a">acquire</subfield>
    <subfield code="b">2 shelf copies</subfield>
    <subfield code="x">policy default</subfield>
  </datafield>
  <datafield tag="955" ind1=" " ind2=" ">
    <subfield code="a">qr06 2015-06-09 z-client</subfield>
    <subfield code="i">qr06 2015-06-09</subfield>
  </datafield>
  <datafield tag="010" ind1=" " ind2=" ">
    <subfield code="a">  2015622654</subfield>
  </datafield>
  <datafield tag="024" ind1="3" ind2=" ">
    <subfield code="a">7391971000735</subfield>
  </datafield>
  <datafield tag="028" ind1="0" ind2="2">
    <subfield code="a">PSCD 73</subfield>
    <subfield code="b">Phono Suecia</subfield>
  </datafield>
  <datafield tag="035" ind1=" " ind2=" ">
    <subfield code="a">(OCoLC)ocm32965797</subfield>
  </datafield>
  <datafield tag="040" ind1=" " ind2=" ">
    <subfield code="a">OSU</subfield>
    <subfield code="b">eng</subfield>
    <subfield code="c">OSU</subfield>
    <subfield code="d">OCLCQ</subfield>
    <subfield code="d">OCLCG</subfield>
    <subfield code="d">BUF</subfield>
    <subfield code="d">OL$</subfield>
    <subfield code="d">OCLCO</subfield>
    <subfield code="d">OCLCA</subfield>
    <subfield code="d">OCLCQ</subfield>
    <subfield code="d">OCLCA</subfield>
    <subfield code="d">DLC</subfield>
  </datafield>
  <datafield tag="041" ind1="0" ind2=" ">
    <subfield code="d">swe</subfield>
    <subfield code="d">fre</subfield>
    <subfield code="e">eng</subfield>
    <subfield code="e">fre</subfield>
    <subfield code="e">swe</subfield>
    <subfield code="n">fre</subfield>
    <subfield code="g">eng</subfield>
    <subfield code="g">swe</subfield>
    <subfield code="m">swe</subfield>
  </datafield>
  <datafield tag="042" ind1=" " ind2=" ">
    <subfield code="a">lccopycat</subfield>
  </datafield>
  <datafield tag="050" ind1="0" ind2="0">
    <subfield code="a">SDC 51998</subfield>
  </datafield>
  <datafield tag="082" ind1="0" ind2="4">
    <subfield code="a">782.1</subfield>
    <subfield code="2">22</subfield>
  </datafield>
  <datafield tag="100" ind1="1" ind2=" ">
    <subfield code="a">Gefors, Hans,</subfield>
    <subfield code="d">1952-</subfield>
  </datafield>
  <datafield tag="240" ind1="1" ind2="0">
    <subfield code="a">Vocal music.</subfield>
    <subfield code="k">Selections</subfield>
  </datafield>
  <datafield tag="245" ind1="1" ind2="0">
    <subfield code="a">Christina-scener</subfield>
    <subfield code="h">[sound recording] /</subfield>
    <subfield code="c">Hans Gefors.</subfield>
  </datafield>
  <datafield tag="260" ind1=" " ind2=" ">
    <subfield code="a">Stockholm :</subfield>
    <subfield code="b">Phono Suecia,</subfield>
    <subfield code="c">p1994.</subfield>
  </datafield>
  <datafield tag="300" ind1=" " ind2=" ">
    <subfield code="a">1 sound disc :</subfield>
    <subfield code="b">digital ;</subfield>
    <subfield code="c">4 3/4 in.</subfield>
  </datafield>
  <datafield tag="500" ind1=" " ind2=" ">
    <subfield code="a">The 1st work for mezzo-soprano, soprano, baritone, and orchestra; the 2nd for mezzo-soprano, clarinet, trumpet, violoncello, and piano; the 3rd for chorus a cappella; the 4th for mezzo-soprano, violin and guitar.</subfield>
  </datafield>
  <datafield tag="546" ind1=" " ind2=" ">
    <subfield code="a">Sung in Swedish (1st-2nd works), English (3rd work), and French (4th work).</subfield>
  </datafield>
  <datafield tag="500" ind1=" " ind2=" ">
    <subfield code="a">Texts by Lars Forssell (1st and 2nd works), D.H. Lawrence (3rd work), and Charles Baudelaire (4th work).</subfield>
  </datafield>
  <datafield tag="500" ind1=" " ind2=" ">
    <subfield code="a">The 1st work consists of six scenes from the opera Christina.</subfield>
  </datafield>
  <datafield tag="511" ind1="0" ind2=" ">
    <subfield code="a">Mats Wallin, clarinet (2nd work) ; Torben Rehnberg, trumpet (2nd work) ; Nils-Erik Sparf, violin (4th work) ; Torleif Thedéen, violoncello (2nd work) ; Mats Bergström, guitar (4th work) ; Stefan Bojsten, piano (2nd work) ; Hillevi Martinpelto, soprano (1st work) ; Birgitta Svendén, mezzo-soprano (1st-2nd, 4th works) ; Per-Arne Wahlgren, baritone (1st work) ; Swedish Radio Symphony Orchestra ; Niklas Willén, conductor (1st work) ; The Swedish Radio Choir ; Gustaf Sjökvist, conductor (3rd work) ; Thomas Schuback, conductor (2nd work).</subfield>
  </datafield>
  <datafield tag="518" ind1=" " ind2=" ">
    <subfield code="a">Recorded October 25-27, 1993 in Berwald Hall, Stockholm (1st work); October 21 and 24, 1993 in Studio 2, Radiohuset, Stockholm (2nd work); January 12, 1994, in Studio 2, Radiohuset, Stockholm (3rd work); and March 30, 1994 in Studio 2, Radiohuset, Stockholm (4th work).</subfield>
  </datafield>
  <datafield tag="500" ind1=" " ind2=" ">
    <subfield code="a">Compact disc.</subfield>
  </datafield>
  <datafield tag="500" ind1=" " ind2=" ">
    <subfield code="a">Program and biographical notes in Swedish with English translation and vocal texts with Swedish and English translations (30 p. : ports.) inserted in container.</subfield>
  </datafield>
  <datafield tag="505" ind1="0" ind2=" ">
    <subfield code="a">Christina-scener (29:28) -- En obol (23:04) -- Whales weep not! (15:39) -- L&apos;invitation au voyage (7:20).</subfield>
  </datafield>
  <datafield tag="600" ind1="1" ind2="0">
    <subfield code="a">Forssell, Lars</subfield>
    <subfield code="v">Musical settings.</subfield>
  </datafield>
  <datafield tag="600" ind1="1" ind2="0">
    <subfield code="a">Lawrence, D. H.</subfield>
    <subfield code="q">(David Herbert),</subfield>
    <subfield code="d">1885-1930</subfield>
    <subfield code="v">Musical settings.</subfield>
  </datafield>
  <datafield tag="600" ind1="1" ind2="0">
    <subfield code="a">Baudelaire, Charles,</subfield>
    <subfield code="d">1821-1867</subfield>
    <subfield code="v">Musical settings.</subfield>
  </datafield>
  <datafield tag="650" ind1=" " ind2="0">
    <subfield code="a">Operas</subfield>
    <subfield code="v">Excerpts.</subfield>
  </datafield>
  <datafield tag="650" ind1=" " ind2="0">
    <subfield code="a">Songs (Medium voice) with instrumental ensemble.</subfield>
  </datafield>
  <datafield tag="650" ind1=" " ind2="0">
    <subfield code="a">Song cycles.</subfield>
  </datafield>
  <datafield tag="650" ind1=" " ind2="0">
    <subfield code="a">Choruses, Secular (Mixed voices), Unaccompanied.</subfield>
  </datafield>
  <datafield tag="650" ind1=" " ind2="0">
    <subfield code="a">Songs (Medium voice) with violin and guitar.</subfield>
  </datafield>
  <datafield tag="700" ind1="1" ind2=" ">
    <subfield code="a">Svendén, Birgitta.</subfield>
    <subfield code="4">prf</subfield>
  </datafield>
  <datafield tag="700" ind1="1" ind2=" ">
    <subfield code="a">Martinpelto, Hillevi,</subfield>
    <subfield code="d">1958-</subfield>
    <subfield code="4">prf</subfield>
  </datafield>
  <datafield tag="700" ind1="1" ind2=" ">
    <subfield code="a">Wahlgren, Per Arne.</subfield>
    <subfield code="4">prf</subfield>
  </datafield>
  <datafield tag="700" ind1="1" ind2=" ">
    <subfield code="a">Willén, Niklas.</subfield>
    <subfield code="4">cnd</subfield>
  </datafield>
  <datafield tag="700" ind1="1" ind2=" ">
    <subfield code="a">Wallin, Mats.</subfield>
    <subfield code="4">prf</subfield>
  </datafield>
  <datafield tag="700" ind1="1" ind2=" ">
    <subfield code="a">Rehnberg, Torben.</subfield>
    <subfield code="4">prf</subfield>
  </datafield>
  <datafield tag="700" ind1="1" ind2=" ">
    <subfield code="a">Thedéen, Torleif,</subfield>
    <subfield code="d">1962-</subfield>
    <subfield code="4">prf</subfield>
  </datafield>
  <datafield tag="700" ind1="1" ind2=" ">
    <subfield code="a">Bojsten, Stefan,</subfield>
    <subfield code="d">1955-</subfield>
    <subfield code="4">prf</subfield>
  </datafield>
  <datafield tag="700" ind1="1" ind2=" ">
    <subfield code="a">Schuback, Thomas.</subfield>
    <subfield code="4">cnd</subfield>
  </datafield>
  <datafield tag="700" ind1="1" ind2=" ">
    <subfield code="a">Sjökvist, Gustaf,</subfield>
    <subfield code="d">1943-2015.</subfield>
    <subfield code="4">cnd</subfield>
  </datafield>
  <datafield tag="700" ind1="1" ind2=" ">
    <subfield code="a">Sparf, Nils Erik.</subfield>
    <subfield code="4">prf</subfield>
  </datafield>
  <datafield tag="700" ind1="1" ind2=" ">
    <subfield code="a">Bergström, Mats</subfield>
    <subfield code="c">(Guitarist)</subfield>
    <subfield code="4">prf</subfield>
  </datafield>
  <datafield tag="700" ind1="1" ind2=" ">
    <subfield code="a">Forssell, Lars.</subfield>
    <subfield code="4">lbt</subfield>
  </datafield>
  <datafield tag="700" ind1="1" ind2=" ">
    <subfield code="a">Lawrence, D. H.</subfield>
    <subfield code="q">(David Herbert),</subfield>
    <subfield code="d">1885-1930.</subfield>
  </datafield>
  <datafield tag="700" ind1="1" ind2=" ">
    <subfield code="a">Baudelaire, Charles,</subfield>
    <subfield code="d">1821-1867.</subfield>
  </datafield>
  <datafield tag="700" ind1="1" ind2=" ">
    <subfield code="a">Gefors, Hans,</subfield>
    <subfield code="d">1952-</subfield>
    <subfield code="t">Christina.</subfield>
    <subfield code="k">Selections.</subfield>
  </datafield>
  <datafield tag="700" ind1="1" ind2=" ">
    <subfield code="a">Gefors, Hans,</subfield>
    <subfield code="d">1952-</subfield>
    <subfield code="t">Obol.</subfield>
  </datafield>
  <datafield tag="700" ind1="1" ind2=" ">
    <subfield code="a">Gefors, Hans,</subfield>
    <subfield code="d">1952-</subfield>
    <subfield code="t">Whales weep not!</subfield>
  </datafield>
  <datafield tag="700" ind1="1" ind2=" ">
    <subfield code="a">Gefors, Hans,</subfield>
    <subfield code="d">1952-</subfield>
    <subfield code="t">Invitation au voyage.</subfield>
  </datafield>
  <datafield tag="710" ind1="2" ind2=" ">
    <subfield code="a">Sveriges radios symfoniorkester.</subfield>
    <subfield code="4">prf</subfield>
  </datafield>
  <datafield tag="710" ind1="2" ind2=" ">
    <subfield code="a">Sveriges radioskören.</subfield>
    <subfield code="4">prf</subfield>
  </datafield>
</record>