
<record>
  <leader>03426cjm a22006857a 4500</leader>
  <controlfield tag="001">18651486</controlfield>
  <controlfield tag="005">20200102170353.0</controlfield>
  <controlfield tag="007">sd fsngnnmmned</controlfield>
  <controlfield tag="008">150609s2000    sw zzn|  d        | swe d</controlfield>
  <datafield tag="906" ind1=" " ind2=" ">
    <subfield code="a">7</subfield>
    <subfield code="b">cbc</subfield>
    <subfield code="c">copycat</subfield>
    <subfield code="d">2</subfield>
    <subfield code="e">ncip</subfield>
    <subfield code="f">20</subfield>
    <subfield code="g">y-soundrec</subfield>
  </datafield>
  <datafield tag="925" ind1="0" ind2=" ">
    <subfield code="a">acquire</subfield>
    <subfield code="b">2 shelf copies</subfield>
    <subfield code="x">policy default</subfield>
  </datafield>
  <datafield tag="955" ind1=" " ind2=" ">
    <subfield code="a">qr06 2015-06-09 z-client</subfield>
    <subfield code="i">qr06 2015-06-09</subfield>
  </datafield>
  <datafield tag="010" ind1=" " ind2=" ">
    <subfield code="a">  2015622664</subfield>
  </datafield>
  <datafield tag="024" ind1="3" ind2=" ">
    <subfield code="a">7391971001350</subfield>
  </datafield>
  <datafield tag="028" ind1="0" ind2="2">
    <subfield code="a">PSCD 135</subfield>
    <subfield code="b">Phono Suecia</subfield>
  </datafield>
  <datafield tag="035" ind1=" " ind2=" ">
    <subfield code="a">(OCoLC)ocm48781678</subfield>
  </datafield>
  <datafield tag="040" ind1=" " ind2=" ">
    <subfield code="a">OSU</subfield>
    <subfield code="c">OSU</subfield>
    <subfield code="d">OCLCQ</subfield>
    <subfield code="d">OCLCG</subfield>
    <subfield code="d">OCLCA</subfield>
    <subfield code="d">HUL</subfield>
    <subfield code="d">OCLCA</subfield>
    <subfield code="d">OCLCO</subfield>
    <subfield code="d">OCLCF</subfield>
    <subfield code="d">DLC</subfield>
  </datafield>
  <datafield tag="041" ind1="0" ind2=" ">
    <subfield code="d">swe</subfield>
    <subfield code="e">sweeng</subfield>
    <subfield code="g">sweeng</subfield>
  </datafield>
  <datafield tag="042" ind1=" " ind2=" ">
    <subfield code="a">lccopycat</subfield>
  </datafield>
  <datafield tag="050" ind1="0" ind2="0">
    <subfield code="a">SDC 52082</subfield>
  </datafield>
  <datafield tag="082" ind1=" " ind2="4">
    <subfield code="a">784.22</subfield>
  </datafield>
  <datafield tag="100" ind1="1" ind2=" ">
    <subfield code="a">Edlund, Lars.</subfield>
  </datafield>
  <datafield tag="240" ind1="1" ind2="0">
    <subfield code="a">Choral music.</subfield>
    <subfield code="k">Selections</subfield>
  </datafield>
  <datafield tag="245" ind1="1" ind2="0">
    <subfield code="a">Ikoner</subfield>
    <subfield code="h">[sound recording] /</subfield>
    <subfield code="c">Lars Edlund.</subfield>
  </datafield>
  <datafield tag="260" ind1=" " ind2=" ">
    <subfield code="a">Stockholm :</subfield>
    <subfield code="b">Phono Suecia,</subfield>
    <subfield code="c">p2000.</subfield>
  </datafield>
  <datafield tag="300" ind1=" " ind2=" ">
    <subfield code="a">1 sound disc (68 min.) :</subfield>
    <subfield code="b">digital, stereo. ;</subfield>
    <subfield code="c">4 3/4 in.</subfield>
  </datafield>
  <datafield tag="500" ind1=" " ind2=" ">
    <subfield code="a">The 1st and 4th works for chorus and chamber orchestra ; the 2nd work for unaccompanied chorus ; the 3rd for chorus and piano.</subfield>
  </datafield>
  <datafield tag="546" ind1=" " ind2=" ">
    <subfield code="a">Texts sung in Swedish, also printed separately with English translations and program notes (31 p. ; ill.) inserted in container.</subfield>
  </datafield>
  <datafield tag="500" ind1=" " ind2=" ">
    <subfield code="a">Texts by Tomas Tranströmer (1st work), Dante Aleghieri (2nd work), Östen Sjöstrand (3rd work), and Gunnar Ekelöf (4th work).</subfield>
  </datafield>
  <datafield tag="511" ind1="0" ind2=" ">
    <subfield code="a">Gustaf Sjökvist Chamber Choir, Uppsala Chamber Orchestra (1st and 4th works), Bengt Forsberg, piano (3rd work) ; Gustaf Sjökvist, conductor.</subfield>
  </datafield>
  <datafield tag="518" ind1=" " ind2=" ">
    <subfield code="a">Recorded in Studio 2, Radiohuset, Stockholm, June 20-21, 2000 (1st work) ; March 31 and April 1, 2000 (2nd work) ; March 30, 2000 (3rd work) ; June 13 and 19-20, 2000 (4th work).</subfield>
  </datafield>
  <datafield tag="500" ind1=" " ind2=" ">
    <subfield code="a">Compact disc.</subfield>
  </datafield>
  <datafield tag="505" ind1="0" ind2=" ">
    <subfield code="a">Ikoner (15:11) -- Paradiso (22:48) -- Två dikter (7:40) -- Näverbitar (21:49).</subfield>
  </datafield>
  <datafield tag="600" ind1="1" ind2="0">
    <subfield code="a">Tranströmer, Tomas,</subfield>
    <subfield code="d">1931-2015</subfield>
    <subfield code="v">Musical settings.</subfield>
  </datafield>
  <datafield tag="600" ind1="0" ind2="0">
    <subfield code="a">Dante Alighieri,</subfield>
    <subfield code="d">1265-1321</subfield>
    <subfield code="v">Musical settings.</subfield>
  </datafield>
  <datafield tag="600" ind1="1" ind2="0">
    <subfield code="a">Sjöstrand, Östen</subfield>
    <subfield code="v">Musical settings.</subfield>
  </datafield>
  <datafield tag="600" ind1="1" ind2="0">
    <subfield code="a">Ekelöf, Gunnar,</subfield>
    <subfield code="d">1907-1968</subfield>
    <subfield code="v">Musical settings.</subfield>
  </datafield>
  <datafield tag="650" ind1=" " ind2="0">
    <subfield code="a">Choruses, Secular (Mixed voices) with orchestra.</subfield>
  </datafield>
  <datafield tag="650" ind1=" " ind2="0">
    <subfield code="a">Choruses, Sacred (Mixed voices), Unaccompanied.</subfield>
  </datafield>
  <datafield tag="650" ind1=" " ind2="0">
    <subfield code="a">Choruses, Secular (Mixed voices) with piano.</subfield>
  </datafield>
  <datafield tag="600" ind1="0" ind2="7">
    <subfield code="a">Dante Alighieri,</subfield>
    <subfield code="d">1265-1321.</subfield>
    <subfield code="2">fast</subfield>
    <subfield code="0">(OCoLC)fst00029097</subfield>
  </datafield>
  <datafield tag="600" ind1="1" ind2="7">
    <subfield code="a">Ekelöf, Gunnar,</subfield>
    <subfield code="d">1907-1968.</subfield>
    <subfield code="2">fast</subfield>
    <subfield code="0">(OCoLC)fst00053867</subfield>
  </datafield>
  <datafield tag="600" ind1="1" ind2="7">
    <subfield code="a">Sjöstrand, Östen.</subfield>
    <subfield code="2">fast</subfield>
    <subfield code="0">(OCoLC)fst00056321</subfield>
  </datafield>
  <datafield tag="600" ind1="1" ind2="7">
    <subfield code="a">Tranströmer, Tomas,</subfield>
    <subfield code="d">1931-2015.</subfield>
    <subfield code="2">fast</subfield>
    <subfield code="0">(OCoLC)fst00031749</subfield>
  </datafield>
  <datafield tag="650" ind1=" " ind2="7">
    <subfield code="a">Choruses, Sacred (Mixed voices), Unaccompanied.</subfield>
    <subfield code="2">fast</subfield>
    <subfield code="0">(OCoLC)fst00858730</subfield>
  </datafield>
  <datafield tag="650" ind1=" " ind2="7">
    <subfield code="a">Choruses, Secular (Mixed voices) with orchestra.</subfield>
    <subfield code="2">fast</subfield>
    <subfield code="0">(OCoLC)fst00858811</subfield>
  </datafield>
  <datafield tag="650" ind1=" " ind2="7">
    <subfield code="a">Choruses, Secular (Mixed voices) with piano.</subfield>
    <subfield code="2">fast</subfield>
    <subfield code="0">(OCoLC)fst00858816</subfield>
  </datafield>
  <datafield tag="655" ind1=" " ind2="7">
    <subfield code="a">Musical settings.</subfield>
    <subfield code="2">fast</subfield>
    <subfield code="0">(OCoLC)fst01423813</subfield>
  </datafield>
  <datafield tag="700" ind1="1" ind2=" ">
    <subfield code="a">Sjökvist, Gustaf,</subfield>
    <subfield code="d">1943-2015.</subfield>
    <subfield code="4">cnd</subfield>
  </datafield>
  <datafield tag="700" ind1="1" ind2=" ">
    <subfield code="a">Forsberg, Bengt.</subfield>
    <subfield code="4">prf</subfield>
  </datafield>
  <datafield tag="700" ind1="1" ind2=" ">
    <subfield code="a">Tranströmer, Tomas,</subfield>
    <subfield code="d">1931-2015.</subfield>
    <subfield code="4">lyr</subfield>
  </datafield>
  <datafield tag="700" ind1="0" ind2=" ">
    <subfield code="a">Dante Alighieri,</subfield>
    <subfield code="d">1265-1321.</subfield>
    <subfield code="4">lyr</subfield>
  </datafield>
  <datafield tag="700" ind1="1" ind2=" ">
    <subfield code="a">Sjöstrand, Östen.</subfield>
    <subfield code="4">lyr</subfield>
  </datafield>
  <datafield tag="700" ind1="1" ind2=" ">
    <subfield code="a">Ekelöf, Gunnar,</subfield>
    <subfield code="d">1907-1968.</subfield>
    <subfield code="4">lyr</subfield>
  </datafield>
  <datafield tag="700" ind1="1" ind2="2">
    <subfield code="a">Edlund, Lars.</subfield>
    <subfield code="t">Ikoner.</subfield>
  </datafield>
  <datafield tag="700" ind1="1" ind2="2">
    <subfield code="a">Edlund, Lars.</subfield>
    <subfield code="t">Paradiso.</subfield>
  </datafield>
  <datafield tag="700" ind1="1" ind2="2">
    <subfield code="a">Edlund, Lars.</subfield>
    <subfield code="t">Dikter.</subfield>
  </datafield>
  <datafield tag="700" ind1="1" ind2="2">
    <subfield code="a">Edlund, Lars.</subfield>
    <subfield code="t">Näverbitar.</subfield>
  </datafield>
  <datafield tag="710" ind1="2" ind2=" ">
    <subfield code="a">Gustaf Sjökvist kammarkör.</subfield>
    <subfield code="4">prf</subfield>
  </datafield>
  <datafield tag="710" ind1="2" ind2=" ">
    <subfield code="a">Uppsala kammarorkester.</subfield>
    <subfield code="4">prf</subfield>
  </datafield>
</record>