
<record>
  <leader>02629cam a2200445 i 4500</leader>
  <controlfield tag="001">18700886</controlfield>
  <controlfield tag="005">20200102162207.0</controlfield>
  <controlfield tag="008">150715s2014    ai a     b    000 0 rus c</controlfield>
  <datafield tag="906" ind1=" " ind2=" ">
    <subfield code="a">0</subfield>
    <subfield code="b">ibc</subfield>
    <subfield code="c">pccadap</subfield>
    <subfield code="d">2</subfield>
    <subfield code="e">ncip</subfield>
    <subfield code="f">20</subfield>
    <subfield code="g">y-gencatlg</subfield>
  </datafield>
  <datafield tag="925" ind1="0" ind2=" ">
    <subfield code="a">Acquire</subfield>
    <subfield code="b">1 shelf copy</subfield>
    <subfield code="x">policy default</subfield>
  </datafield>
  <datafield tag="955" ind1=" " ind2=" ">
    <subfield code="b">cd16 2015-07-15</subfield>
    <subfield code="a">cd00 2015-07-15 to ASME/IJ</subfield>
    <subfield code="b">cd24 2020-01-02 z-processor JACKPHY</subfield>
    <subfield code="a">cd24 2020-01-02</subfield>
    <subfield code="i">cd24 2020-01-02</subfield>
  </datafield>
  <datafield tag="010" ind1=" " ind2=" ">
    <subfield code="a">  2015422742</subfield>
  </datafield>
  <datafield tag="020" ind1=" " ind2=" ">
    <subfield code="a">9789939822440</subfield>
  </datafield>
  <datafield tag="035" ind1=" " ind2=" ">
    <subfield code="a">(OCoLC)ocn927157944</subfield>
  </datafield>
  <datafield tag="040" ind1=" " ind2=" ">
    <subfield code="a">HUL</subfield>
    <subfield code="b">eng</subfield>
    <subfield code="c">HUL</subfield>
    <subfield code="e">rda</subfield>
    <subfield code="d">OCLCO</subfield>
    <subfield code="d">OCL</subfield>
    <subfield code="d">OCLCO</subfield>
    <subfield code="d">OCL</subfield>
    <subfield code="d">OCLCO</subfield>
    <subfield code="d">OCL</subfield>
    <subfield code="d">OCLCO</subfield>
    <subfield code="d">OCL</subfield>
    <subfield code="d">OCLCA</subfield>
    <subfield code="d">OCL</subfield>
    <subfield code="d">DLC</subfield>
  </datafield>
  <datafield tag="041" ind1="1" ind2=" ">
    <subfield code="a">rus</subfield>
    <subfield code="h">eng</subfield>
  </datafield>
  <datafield tag="042" ind1=" " ind2=" ">
    <subfield code="a">pcc</subfield>
  </datafield>
  <datafield tag="043" ind1=" " ind2=" ">
    <subfield code="a">a-tu---</subfield>
  </datafield>
  <datafield tag="050" ind1="0" ind2="0">
    <subfield code="a">DS195.5</subfield>
    <subfield code="b">.D37917 2014</subfield>
  </datafield>
  <datafield tag="066" ind1=" " ind2=" ">
    <subfield code="a">(N</subfield>
  </datafield>
  <datafield tag="100" ind1="1" ind2=" ">
    <subfield code="a">Davis, Leslie A.,</subfield>
    <subfield code="e">author.</subfield>
  </datafield>
  <datafield tag="240" ind1="1" ind2="0">
    <subfield code="a">Slaughterhouse province.</subfield>
    <subfield code="l">Russian</subfield>
  </datafield>
  <datafield tag="245" ind1="1" ind2="0">
    <subfield code="6">880-01</subfield>
    <subfield code="a">Provint︠s︡ii︠a︡ boĭni :</subfield>
    <subfield code="b">doklad amerikanskogo diplomata ob Armi︠a︡nskom Genot︠s︡ide, 1915-1917 /</subfield>
    <subfield code="c">Lesli A. Dėvis ; publikat︠s︡ii︠a︡, predislovie i primechanii︠a︡ Si︠u︡zan K. Blėr ; perevod s angliĭskogo Iriny Karumi︠a︡n = Spandanotsʻi nahang : amerikyan divanageti zekuytsʻě haykakan tsʻeghaspanutʻyan masin, 1915-1917 tʻtʻ. / Lesli A. Devis.</subfield>
  </datafield>
  <datafield tag="880" ind1="1" ind2="0">
    <subfield code="6">245-01/(N</subfield>
    <subfield code="a">Провинция бойни :</subfield>
    <subfield code="b">доклад американского дипломата об Армянском Геноциде, 1915-1917 /</subfield>
    <subfield code="c">Лесли А. Дэвис ; публикация, предисловие и примечания Сюзан К. Блэр ; перевод с английского Ирины Карумян = Spandanotsʻi nahang : amerikyan divanageti zekuytsʻě haykakan tsʻeghaspanutʻyan masin, 1915-1917 tʻtʻ. / Lesli A. Devis.</subfield>
  </datafield>
  <datafield tag="246" ind1="3" ind2="1">
    <subfield code="a">Spandanotsʻi nahang :</subfield>
    <subfield code="b">amerikyan divanageti zekuytsʻě haykakan tsʻeghaspanutʻyan masin, 1915-1917 tʻtʻ.</subfield>
  </datafield>
  <datafield tag="264" ind1=" " ind2="1">
    <subfield code="6">880-02</subfield>
    <subfield code="a">Erevan :</subfield>
    <subfield code="b">MIGA,</subfield>
    <subfield code="c">2014.</subfield>
  </datafield>
  <datafield tag="880" ind1=" " ind2="1">
    <subfield code="6">264-02/(N</subfield>
    <subfield code="a">Ереван :</subfield>
    <subfield code="b">МИГА,</subfield>
    <subfield code="c">2014.</subfield>
  </datafield>
  <datafield tag="300" ind1=" " ind2=" ">
    <subfield code="a">302 pages,</subfield>
    <subfield code="b">illustrations ;</subfield>
    <subfield code="c">20 cm</subfield>
  </datafield>
  <datafield tag="336" ind1=" " ind2=" ">
    <subfield code="a">text</subfield>
    <subfield code="b">txt</subfield>
    <subfield code="2">rdacontent</subfield>
  </datafield>
  <datafield tag="337" ind1=" " ind2=" ">
    <subfield code="a">unmediated</subfield>
    <subfield code="b">n</subfield>
    <subfield code="2">rdamedia</subfield>
  </datafield>
  <datafield tag="338" ind1=" " ind2=" ">
    <subfield code="a">volume</subfield>
    <subfield code="b">nc</subfield>
    <subfield code="2">rdacarrier</subfield>
  </datafield>
  <datafield tag="500" ind1=" " ind2=" ">
    <subfield code="a">Parallel title from colophon.</subfield>
  </datafield>
  <datafield tag="546" ind1=" " ind2=" ">
    <subfield code="a">In Russian; translated from English.</subfield>
  </datafield>
  <datafield tag="504" ind1=" " ind2=" ">
    <subfield code="a">Includes bibliographical references.</subfield>
  </datafield>
  <datafield tag="650" ind1=" " ind2="0">
    <subfield code="a">Armenian massacres, 1915-1923</subfield>
    <subfield code="v">Personal narratives.</subfield>
  </datafield>
  <datafield tag="600" ind1="1" ind2="0">
    <subfield code="a">Davis, Leslie A.</subfield>
    <subfield code="x">Knowledge</subfield>
    <subfield code="x">Armenian massacres, 1915-1923.</subfield>
  </datafield>
  <datafield tag="650" ind1=" " ind2="0">
    <subfield code="a">Consuls</subfield>
    <subfield code="z">United States</subfield>
    <subfield code="v">Biography.</subfield>
  </datafield>
  <datafield tag="650" ind1=" " ind2="0">
    <subfield code="a">Armenians</subfield>
    <subfield code="z">Turkey</subfield>
    <subfield code="z">Elazığ</subfield>
    <subfield code="x">History</subfield>
    <subfield code="y">20th century.</subfield>
  </datafield>
  <datafield tag="700" ind1="1" ind2=" ">
    <subfield code="a">Blair, Susan,</subfield>
    <subfield code="e">editor,</subfield>
    <subfield code="e">author of introduction.</subfield>
  </datafield>
  <datafield tag="923" ind1=" " ind2=" ">
    <subfield code="d">2015-07-01</subfield>
    <subfield code="n">2015417</subfield>
    <subfield code="s">ATC Books</subfield>
  </datafield>
</record>