
<record>
  <leader>02455cam a2200481 i 4500</leader>
  <controlfield tag="001">18729169</controlfield>
  <controlfield tag="005">20200102163108.0</controlfield>
  <controlfield tag="008">150804m20159999au       b    001 0 ger d</controlfield>
  <datafield tag="906" ind1=" " ind2=" ">
    <subfield code="a">7</subfield>
    <subfield code="b">cbc</subfield>
    <subfield code="c">copycat</subfield>
    <subfield code="d">2</subfield>
    <subfield code="e">ncip</subfield>
    <subfield code="f">20</subfield>
    <subfield code="g">y-gencatlg</subfield>
  </datafield>
  <datafield tag="925" ind1="0" ind2=" ">
    <subfield code="a">acquire</subfield>
    <subfield code="b">1 shelf copy</subfield>
    <subfield code="x">policy default</subfield>
  </datafield>
  <datafield tag="955" ind1=" " ind2=" ">
    <subfield code="b">fd05 2015-08-04 z-processor</subfield>
    <subfield code="a">fd00 2015-08-13 to GS/GER</subfield>
    <subfield code="i">fd21 2015-08-24 (v. 1) to Dewey</subfield>
    <subfield code="w">xl04 2015-08-27</subfield>
    <subfield code="a">fd10 2019-12-05 v. 1, no. 3</subfield>
    <subfield code="c">fd07 2020-01-02 v. 1, pt. 3 added</subfield>
  </datafield>
  <datafield tag="010" ind1=" " ind2=" ">
    <subfield code="a">  2015459013</subfield>
  </datafield>
  <datafield tag="020" ind1=" " ind2=" ">
    <subfield code="a">9783770076451 (I, 1)</subfield>
  </datafield>
  <datafield tag="020" ind1=" " ind2=" ">
    <subfield code="a">3770076451 (I, 1)</subfield>
  </datafield>
  <datafield tag="020" ind1=" " ind2=" ">
    <subfield code="a">9783412515270</subfield>
    <subfield code="q">(I, 3)</subfield>
  </datafield>
  <datafield tag="035" ind1=" " ind2=" ">
    <subfield code="a">(OCoLC)ocn910512267</subfield>
  </datafield>
  <datafield tag="040" ind1=" " ind2=" ">
    <subfield code="a">OHX</subfield>
    <subfield code="b">eng</subfield>
    <subfield code="c">OHX</subfield>
    <subfield code="e">rda</subfield>
    <subfield code="d">OCLCO</subfield>
    <subfield code="d">CHVBK</subfield>
    <subfield code="d">IBV</subfield>
    <subfield code="d">OCLCO</subfield>
    <subfield code="d">DLC</subfield>
  </datafield>
  <datafield tag="042" ind1=" " ind2=" ">
    <subfield code="a">lccopycat</subfield>
  </datafield>
  <datafield tag="043" ind1=" " ind2=" ">
    <subfield code="a">e-gx---</subfield>
  </datafield>
  <datafield tag="050" ind1="0" ind2="0">
    <subfield code="a">BX1539.T74</subfield>
    <subfield code="b">R44 2015</subfield>
  </datafield>
  <datafield tag="072" ind1=" " ind2="7">
    <subfield code="a">BR</subfield>
    <subfield code="2">lcco</subfield>
  </datafield>
  <datafield tag="072" ind1=" " ind2="7">
    <subfield code="a">CD</subfield>
    <subfield code="2">lcco</subfield>
  </datafield>
  <datafield tag="082" ind1="0" ind2="0">
    <subfield code="a">282/.43431</subfield>
    <subfield code="2">23</subfield>
  </datafield>
  <datafield tag="245" ind1="0" ind2="0">
    <subfield code="a">Regesten der Bischöfe und Erzbischöfe von Trier /</subfield>
    <subfield code="c">hg. von Hans Hubert Anton.</subfield>
  </datafield>
  <datafield tag="264" ind1=" " ind2="1">
    <subfield code="3">volume 1, part 1:</subfield>
    <subfield code="a">Düsseldorf :</subfield>
    <subfield code="b">Droste Verlag GmbH,</subfield>
    <subfield code="c">2015-</subfield>
  </datafield>
  <datafield tag="264" ind1="3" ind2="1">
    <subfield code="3">volume 1, part 3- :</subfield>
    <subfield code="a">Wien :</subfield>
    <subfield code="b">Böhlau Verlag</subfield>
  </datafield>
  <datafield tag="300" ind1=" " ind2=" ">
    <subfield code="a">volumes ;</subfield>
    <subfield code="c">25 cm.</subfield>
  </datafield>
  <datafield tag="336" ind1=" " ind2=" ">
    <subfield code="a">text</subfield>
    <subfield code="b">txt</subfield>
    <subfield code="2">rdacontent</subfield>
  </datafield>
  <datafield tag="337" ind1=" " ind2=" ">
    <subfield code="a">unmediated</subfield>
    <subfield code="b">n</subfield>
    <subfield code="2">rdamedia</subfield>
  </datafield>
  <datafield tag="338" ind1=" " ind2=" ">
    <subfield code="a">volume</subfield>
    <subfield code="b">nc</subfield>
    <subfield code="2">rdacarrier</subfield>
  </datafield>
  <datafield tag="490" ind1="1" ind2=" ">
    <subfield code="a">Publikationen der Gesellschaft für Rheinische Geschichtskunde ;</subfield>
    <subfield code="v">LXXXIII</subfield>
  </datafield>
  <datafield tag="504" ind1=" " ind2=" ">
    <subfield code="a">Includes bibliographical references and indexes.</subfield>
  </datafield>
  <datafield tag="505" ind1="1" ind2=" ">
    <subfield code="a">I, 1. Grundlegung der kirchlichen Organisation, die ersten Bischöfe: ihre Spiegelung in Zeugnissen von der Spätantike bis zum späteren Mittelalter / bearbeitet von Hans Hubert Anton ; unter Mitarbeit von Sigrun Anton    -- I, 3. Die Trierer Kirche und die Trierer Bischöfe in der ausgehenden Antike und am Beginn des Mittelalters: Bischöfe von der Wende des 4./5. Jahrhunderts bis zum Beginn des 7. Jahrhunderts / bearbeitet von Hans Hubert Anton und Friedrich Pfeiffer ; unter Mitarbeit von Sigrun Anton</subfield>
  </datafield>
  <datafield tag="650" ind1=" " ind2="0">
    <subfield code="a">Bishops</subfield>
    <subfield code="z">Germany</subfield>
    <subfield code="z">Trier</subfield>
    <subfield code="x">History</subfield>
    <subfield code="v">Sources.</subfield>
  </datafield>
  <datafield tag="651" ind1=" " ind2="0">
    <subfield code="a">Trier (Germany)</subfield>
    <subfield code="x">Church history</subfield>
    <subfield code="v">Sources.</subfield>
  </datafield>
  <datafield tag="651" ind1=" " ind2="0">
    <subfield code="a">Germany</subfield>
    <subfield code="x">Church history</subfield>
    <subfield code="y">843-1517</subfield>
    <subfield code="v">Sources.</subfield>
  </datafield>
  <datafield tag="650" ind1=" " ind2="0">
    <subfield code="a">Church history</subfield>
    <subfield code="y">Middle Ages, 600-1500</subfield>
    <subfield code="v">Sources.</subfield>
  </datafield>
  <datafield tag="700" ind1="1" ind2=" ">
    <subfield code="a">Anton, Hans Hubert,</subfield>
    <subfield code="e">editor,</subfield>
    <subfield code="e">compiler.</subfield>
  </datafield>
  <datafield tag="700" ind1="1" ind2=" ">
    <subfield code="a">Anton, Sigrun.</subfield>
  </datafield>
  <datafield tag="700" ind1="1" ind2=" ">
    <subfield code="a">Pfeiffer, Friedrich,</subfield>
    <subfield code="e">compiler.</subfield>
  </datafield>
  <datafield tag="830" ind1=" " ind2="0">
    <subfield code="a">Publikationen der Gesellschaft für Rheinische Geschichtskunde ;</subfield>
    <subfield code="v">83.</subfield>
  </datafield>
  <datafield tag="923" ind1=" " ind2=" ">
    <subfield code="d">20150615</subfield>
    <subfield code="n">376346</subfield>
    <subfield code="s">93001286</subfield>
  </datafield>
  <datafield tag="923" ind1=" " ind2=" ">
    <subfield code="d">20191023</subfield>
    <subfield code="n">0213009</subfield>
    <subfield code="s">GyWOH</subfield>
  </datafield>
</record>