
<record>
  <leader>02500cam a2200469 i 4500</leader>
  <controlfield tag="001">18788775</controlfield>
  <controlfield tag="005">20200102141037.0</controlfield>
  <controlfield tag="008">150918s2010    ai ab    b    000 0 rus d</controlfield>
  <datafield tag="906" ind1=" " ind2=" ">
    <subfield code="a">0</subfield>
    <subfield code="b">ibc</subfield>
    <subfield code="c">copycat</subfield>
    <subfield code="d">2</subfield>
    <subfield code="e">ncip</subfield>
    <subfield code="f">20</subfield>
    <subfield code="g">y-gencatlg</subfield>
  </datafield>
  <datafield tag="925" ind1="0" ind2=" ">
    <subfield code="a">acquire</subfield>
    <subfield code="b">1 shelf copy</subfield>
    <subfield code="x">policy default</subfield>
  </datafield>
  <datafield tag="955" ind1=" " ind2=" ">
    <subfield code="b">ti25 2015-09-18 z-processor JACKPHY</subfield>
    <subfield code="a">cd00 2015-09-18 to ASME/IJ</subfield>
    <subfield code="a">cd24 2020-01-02</subfield>
    <subfield code="i">cd24 2020-01-02</subfield>
  </datafield>
  <datafield tag="010" ind1=" " ind2=" ">
    <subfield code="a">  2015455740</subfield>
  </datafield>
  <datafield tag="020" ind1=" " ind2=" ">
    <subfield code="a">9789939511702</subfield>
  </datafield>
  <datafield tag="035" ind1=" " ind2=" ">
    <subfield code="a">(OCoLC)ocn591363051</subfield>
  </datafield>
  <datafield tag="040" ind1=" " ind2=" ">
    <subfield code="a">PIT</subfield>
    <subfield code="b">eng</subfield>
    <subfield code="c">PIT</subfield>
    <subfield code="e">rda</subfield>
    <subfield code="d">EVIEW</subfield>
    <subfield code="d">OCLCF</subfield>
    <subfield code="d">OCLCO</subfield>
    <subfield code="d">OCL</subfield>
    <subfield code="d">DLC</subfield>
  </datafield>
  <datafield tag="041" ind1="1" ind2=" ">
    <subfield code="a">rus</subfield>
    <subfield code="h">arm</subfield>
  </datafield>
  <datafield tag="042" ind1=" " ind2=" ">
    <subfield code="a">lccopycat</subfield>
  </datafield>
  <datafield tag="066" ind1=" " ind2=" ">
    <subfield code="a">(N</subfield>
  </datafield>
  <datafield tag="050" ind1="0" ind2="0">
    <subfield code="a">DK699.N34</subfield>
    <subfield code="b">H3417 2010</subfield>
  </datafield>
  <datafield tag="100" ind1="1" ind2=" ">
    <subfield code="a">Hakobyan, Tʻatʻul,</subfield>
    <subfield code="e">author.</subfield>
  </datafield>
  <datafield tag="240" ind1="1" ind2="0">
    <subfield code="a">Kanachʻ u sev.</subfield>
    <subfield code="l">Russian</subfield>
  </datafield>
  <datafield tag="245" ind1="1" ind2="0">
    <subfield code="6">880-01</subfield>
    <subfield code="a">Karabakhskiĭ dnevnik :</subfield>
    <subfield code="b">zelenoe i chernoe, ili ni voĭny ni mira /</subfield>
    <subfield code="c">Tatul Akopi︠a︡n ; tekst s armi︠a︡nskogo na russkiĭ pereveli Karine Babadzhani︠a︡n, Alla Abovi︠a︡n, Irina Aĭvazi︠a︡n i Gevorg Mamikoni︠a︡n.</subfield>
  </datafield>
  <datafield tag="880" ind1="1" ind2="0">
    <subfield code="6">245-01/(N</subfield>
    <subfield code="a">Карабахский дневник :</subfield>
    <subfield code="b">зеленое и черное, или ни войны ни мира /</subfield>
    <subfield code="c">Татул Акопян ; текст с армянского на русский перевели Карине Бабаджанян, Алла Абовян, Ирина Айвазян и Геворг Мамиконян.</subfield>
  </datafield>
  <datafield tag="246" ind1="3" ind2="0">
    <subfield code="6">880-02</subfield>
    <subfield code="a">Zelenoe i chernoe, ili ni voĭny ni mira</subfield>
  </datafield>
  <datafield tag="880" ind1="3" ind2="0">
    <subfield code="6">246-02/(N</subfield>
    <subfield code="a">Зеленое и черное, или ни войны ни мира</subfield>
  </datafield>
  <datafield tag="250" ind1=" " ind2=" ">
    <subfield code="6">880-03</subfield>
    <subfield code="a">Pervoe izdanie na russkom i︠a︡zyke</subfield>
  </datafield>
  <datafield tag="880" ind1=" " ind2=" ">
    <subfield code="6">250-03/(N</subfield>
    <subfield code="a">Первое издание на русском языке</subfield>
  </datafield>
  <datafield tag="264" ind1=" " ind2="1">
    <subfield code="6">880-04</subfield>
    <subfield code="a">Erevan :</subfield>
    <subfield code="b">Izdatelskiĭ dom &quot;Antares&quot;,</subfield>
    <subfield code="c">2010.</subfield>
  </datafield>
  <datafield tag="880" ind1=" " ind2="1">
    <subfield code="6">264-04/(N</subfield>
    <subfield code="a">Ереван :</subfield>
    <subfield code="b">Издательский дом &quot;Антарес&quot;,</subfield>
    <subfield code="c">2010.</subfield>
  </datafield>
  <datafield tag="300" ind1=" " ind2=" ">
    <subfield code="a">532 pages :</subfield>
    <subfield code="b">illustrations, maps ;</subfield>
    <subfield code="c">25 cm</subfield>
  </datafield>
  <datafield tag="336" ind1=" " ind2=" ">
    <subfield code="a">text</subfield>
    <subfield code="2">rdacontent</subfield>
  </datafield>
  <datafield tag="337" ind1=" " ind2=" ">
    <subfield code="a">unmediated</subfield>
    <subfield code="2">rdamedia</subfield>
  </datafield>
  <datafield tag="338" ind1=" " ind2=" ">
    <subfield code="a">volume</subfield>
    <subfield code="2">rdacarrier</subfield>
  </datafield>
  <datafield tag="546" ind1=" " ind2=" ">
    <subfield code="a">In Russian; translated from Armenian.</subfield>
  </datafield>
  <datafield tag="504" ind1=" " ind2=" ">
    <subfield code="a">Includes bibliographical references (pages 499-532).</subfield>
  </datafield>
  <datafield tag="650" ind1=" " ind2="0">
    <subfield code="a">Nagorno-Karabakh Conflict, 1988-1994.</subfield>
  </datafield>
  <datafield tag="651" ind1=" " ind2="0">
    <subfield code="a">Azerbaijan</subfield>
    <subfield code="x">Foreign relations</subfield>
    <subfield code="z">Armenia (Republic)</subfield>
  </datafield>
  <datafield tag="651" ind1=" " ind2="0">
    <subfield code="a">Armenia (Republic)</subfield>
    <subfield code="x">Foreign relations</subfield>
    <subfield code="z">Azerbaijan.</subfield>
  </datafield>
  <datafield tag="700" ind1="1" ind2=" ">
    <subfield code="a">Babadzhani︠a︡n, Karine,</subfield>
    <subfield code="e">translator.</subfield>
  </datafield>
  <datafield tag="700" ind1="1" ind2=" ">
    <subfield code="a">Abovi︠a︡n, Alla,</subfield>
    <subfield code="e">translator.</subfield>
  </datafield>
  <datafield tag="700" ind1="1" ind2=" ">
    <subfield code="a">Aĭvazi︠a︡n, Irina,</subfield>
    <subfield code="e">translator.</subfield>
  </datafield>
  <datafield tag="700" ind1="1" ind2=" ">
    <subfield code="a">Mamikoni︠a︡n, Gevorg,</subfield>
    <subfield code="e">translator.</subfield>
  </datafield>
</record>