
<record>
  <leader>02118cam a2200361 i 4500</leader>
  <controlfield tag="001">18800305</controlfield>
  <controlfield tag="005">20200102111735.0</controlfield>
  <controlfield tag="008">150930t20142014enk           001 0 heb d</controlfield>
  <datafield tag="906" ind1=" " ind2=" ">
    <subfield code="a">7</subfield>
    <subfield code="b">cbc</subfield>
    <subfield code="c">copycat</subfield>
    <subfield code="d">3</subfield>
    <subfield code="e">ncip</subfield>
    <subfield code="f">20</subfield>
    <subfield code="g">y-nonroman</subfield>
  </datafield>
  <datafield tag="925" ind1="0" ind2=" ">
    <subfield code="a">acquire</subfield>
    <subfield code="b">1 shelf copy</subfield>
    <subfield code="x">policy default</subfield>
  </datafield>
  <datafield tag="955" ind1=" " ind2=" ">
    <subfield code="b">cd01 2015-09-30 z-processor JACKPHY;</subfield>
    <subfield code="a">cd00 2015-09-30 to ASME/IJ;</subfield>
    <subfield code="a">cd23 2018-10-16 to cd23 for full cat.;</subfield>
    <subfield code="i">cd23 2018-11-09 telework to Hebraic shelves;</subfield>
    <subfield code="u">cd23 2019-05-24 telework fixed transcription error in 264 880 field;</subfield>
    <subfield code="a">cd23 2020-01-02 telework Bibframe ymey</subfield>
  </datafield>
  <datafield tag="010" ind1=" " ind2=" ">
    <subfield code="a">  2015477905</subfield>
  </datafield>
  <datafield tag="035" ind1=" " ind2=" ">
    <subfield code="a">(OCoLC)ocn897064286</subfield>
  </datafield>
  <datafield tag="040" ind1=" " ind2=" ">
    <subfield code="a">HLS</subfield>
    <subfield code="b">eng</subfield>
    <subfield code="e">rda</subfield>
    <subfield code="c">HLS</subfield>
    <subfield code="d">OCLCO</subfield>
    <subfield code="d">YYP</subfield>
    <subfield code="d">OCLCF</subfield>
    <subfield code="d">OCL</subfield>
    <subfield code="d">DLC</subfield>
  </datafield>
  <datafield tag="042" ind1=" " ind2=" ">
    <subfield code="a">lccopycat</subfield>
  </datafield>
  <datafield tag="050" ind1="0" ind2="0">
    <subfield code="a">BM521</subfield>
    <subfield code="b">.S554 2014</subfield>
  </datafield>
  <datafield tag="066" ind1=" " ind2=" ">
    <subfield code="c">(2</subfield>
  </datafield>
  <datafield tag="100" ind1="1" ind2=" ">
    <subfield code="6">880-01</subfield>
    <subfield code="a">Shṭainhoiz, Barukh ben Śimḥah Yehudah,</subfield>
    <subfield code="e">author.</subfield>
  </datafield>
  <datafield tag="880" ind1="1" ind2=" ">
    <subfield code="6">100-01/(2/r‏</subfield>
    <subfield code="a">‏שטיינהויז, ברוך בן שמחה יהודה.</subfield>
  </datafield>
  <datafield tag="245" ind1="1" ind2="0">
    <subfield code="6">880-02</subfield>
    <subfield code="a">Sefer ha-Ḥaḳirot :</subfield>
    <subfield code="b">yoter me-alpayim ḥaḳirot mi-sifre ha-aḥaronim be-sugyot ha-Shas /</subfield>
    <subfield code="c">nilḳat ṿe-nitbaʼer ʻa. y. Barukh ben a.a.m. ṿe-r. ha-r. R. Śimḥah Yehudah, sheliṭa, Shṭainhoiz.</subfield>
  </datafield>
  <datafield tag="880" ind1="1" ind2="0">
    <subfield code="6">245-02/(2/r‏</subfield>
    <subfield code="a">‏ספר החקירות :‏</subfield>
    <subfield code="b">‏יותר מאלפיים חקירות מספרי האחרונים בסוגיות הש״ס /‏</subfield>
    <subfield code="c">‏נלקט ונתבאר ע״י ברוך בן אאמו&quot;ר הר&quot;ר שמחה יהודה, שליט&quot;א, שטיינהויז.</subfield>
  </datafield>
  <datafield tag="246" ind1="3" ind2="0">
    <subfield code="6">880-03</subfield>
    <subfield code="a">Ḥaḳirot</subfield>
  </datafield>
  <datafield tag="880" ind1="3" ind2="0">
    <subfield code="6">246-03/(2/r‏</subfield>
    <subfield code="a">‏חקירות</subfield>
  </datafield>
  <datafield tag="264" ind1=" " ind2="1">
    <subfield code="6">880-04</subfield>
    <subfield code="a">[Gateshead, England] :</subfield>
    <subfield code="b">[Barukh ben Śimḥah Yehudah Shṭainhoiz],</subfield>
    <subfield code="c">774 [2014]</subfield>
  </datafield>
  <datafield tag="880" ind1=" " ind2="1">
    <subfield code="6">264-04/(2/r‏</subfield>
    <subfield code="a">‏‪[Gateshead, England] :‬‏</subfield>
    <subfield code="b">‏[ברוך בן שמחה יהודה שטיינהויז],‏</subfield>
    <subfield code="c">‏תשע&quot;ד.</subfield>
  </datafield>
  <datafield tag="300" ind1=" " ind2=" ">
    <subfield code="a">573 pages ;</subfield>
    <subfield code="c">25 cm</subfield>
  </datafield>
  <datafield tag="336" ind1=" " ind2=" ">
    <subfield code="a">text</subfield>
    <subfield code="b">txt</subfield>
    <subfield code="2">rdacontent</subfield>
  </datafield>
  <datafield tag="337" ind1=" " ind2=" ">
    <subfield code="a">unmediated</subfield>
    <subfield code="b">n</subfield>
    <subfield code="2">rdamedia</subfield>
  </datafield>
  <datafield tag="338" ind1=" " ind2=" ">
    <subfield code="a">volume</subfield>
    <subfield code="b">nc</subfield>
    <subfield code="2">rdacarrier</subfield>
  </datafield>
  <datafield tag="500" ind1=" " ind2=" ">
    <subfield code="a">Includes indexes.</subfield>
  </datafield>
  <datafield tag="650" ind1=" " ind2="0">
    <subfield code="a">Jewish law</subfield>
    <subfield code="x">Interpretation and construction.</subfield>
  </datafield>
  <datafield tag="650" ind1=" " ind2="7">
    <subfield code="a">Jewish law</subfield>
    <subfield code="x">Interpretation and construction.</subfield>
    <subfield code="2">fast</subfield>
    <subfield code="0">(OCoLC)fst00982806</subfield>
  </datafield>
  <datafield tag="985" ind1=" " ind2=" ">
    <subfield code="a">BibframePilot2</subfield>
    <subfield code="e">20180504</subfield>
  </datafield>
</record>