
<record>
  <leader>02074cam a2200385 i 4500</leader>
  <controlfield tag="001">18812290</controlfield>
  <controlfield tag="005">20200102145335.0</controlfield>
  <controlfield tag="008">151008s2014    ai a          000 0arus  </controlfield>
  <datafield tag="906" ind1=" " ind2=" ">
    <subfield code="a">0</subfield>
    <subfield code="b">ibc</subfield>
    <subfield code="c">origres</subfield>
    <subfield code="d">2</subfield>
    <subfield code="e">ncip</subfield>
    <subfield code="f">20</subfield>
    <subfield code="g">y-gencatlg</subfield>
  </datafield>
  <datafield tag="925" ind1="0" ind2=" ">
    <subfield code="a">Acquire</subfield>
    <subfield code="b">1 shelf copy</subfield>
    <subfield code="x">policy default</subfield>
  </datafield>
  <datafield tag="955" ind1=" " ind2=" ">
    <subfield code="b">cd16 2015-10-08</subfield>
    <subfield code="a">cd00 2015-10-08 to ASME/IJ</subfield>
    <subfield code="b">cd24 2020-01-02 z-processor JACKPHY</subfield>
    <subfield code="a">cd24 2020-01-02</subfield>
    <subfield code="i">cd24 2020-01-02</subfield>
  </datafield>
  <datafield tag="010" ind1=" " ind2=" ">
    <subfield code="a">  2015486415</subfield>
  </datafield>
  <datafield tag="020" ind1=" " ind2=" ">
    <subfield code="a">9789939012193</subfield>
  </datafield>
  <datafield tag="040" ind1=" " ind2=" ">
    <subfield code="a">DLC</subfield>
    <subfield code="b">eng</subfield>
    <subfield code="c">DLC</subfield>
    <subfield code="e">rda</subfield>
  </datafield>
  <datafield tag="042" ind1=" " ind2=" ">
    <subfield code="a">pcc</subfield>
  </datafield>
  <datafield tag="043" ind1=" " ind2=" ">
    <subfield code="a">e-ur---</subfield>
  </datafield>
  <datafield tag="050" ind1="0" ind2="0">
    <subfield code="a">UA772</subfield>
    <subfield code="b">.K368 2015</subfield>
  </datafield>
  <datafield tag="100" ind1="1" ind2=" ">
    <subfield code="a">Kazari︠a︡n, Artashes</subfield>
    <subfield code="q">(Artashes Avakovich),</subfield>
    <subfield code="d">1903-1990,</subfield>
    <subfield code="e">author.</subfield>
  </datafield>
  <datafield tag="245" ind1="1" ind2="0">
    <subfield code="6">880-01</subfield>
    <subfield code="a">Polkovnik i ego vremi︠a︡ /</subfield>
    <subfield code="c">Artashes Kazari︠a︡n ; avtory-sostaviteli Ėduard Artashesovich Kazari︠a︡n, Artashes Ėduardovich Kazari︠a︡n.</subfield>
  </datafield>
  <datafield tag="880" ind1="1" ind2="0">
    <subfield code="6">245-01</subfield>
    <subfield code="a">Полковник и его время /</subfield>
    <subfield code="c">Арташес Казарян ; авторы-составители Эдуард Арташесович Казарян, Арташес Эдуардович Казарян.</subfield>
  </datafield>
  <datafield tag="264" ind1=" " ind2="1">
    <subfield code="6">880-02</subfield>
    <subfield code="a">Erevan :</subfield>
    <subfield code="b">Avtorskoe izdanie,</subfield>
    <subfield code="c">2014.</subfield>
  </datafield>
  <datafield tag="880" ind1=" " ind2="1">
    <subfield code="6">264-02</subfield>
    <subfield code="a">Ереван :</subfield>
    <subfield code="b">Авторское издание,</subfield>
    <subfield code="c">2014.</subfield>
  </datafield>
  <datafield tag="300" ind1=" " ind2=" ">
    <subfield code="a">359 pages :</subfield>
    <subfield code="b">illustrations (some color) ;</subfield>
    <subfield code="c">25 cm</subfield>
  </datafield>
  <datafield tag="336" ind1=" " ind2=" ">
    <subfield code="a">text</subfield>
    <subfield code="b">txt</subfield>
    <subfield code="2">rdacontent</subfield>
  </datafield>
  <datafield tag="337" ind1=" " ind2=" ">
    <subfield code="a">unmediated</subfield>
    <subfield code="b">n</subfield>
    <subfield code="2">rdamedia</subfield>
  </datafield>
  <datafield tag="338" ind1=" " ind2=" ">
    <subfield code="a">volume</subfield>
    <subfield code="b">nc</subfield>
    <subfield code="2">rdacarrier</subfield>
  </datafield>
  <datafield tag="600" ind1="1" ind2="0">
    <subfield code="a">Kazari︠a︡n, Artashes</subfield>
    <subfield code="q">(Artashes Avakovich),</subfield>
    <subfield code="d">1903-1990.</subfield>
  </datafield>
  <datafield tag="610" ind1="1" ind2="0">
    <subfield code="a">Soviet Union.</subfield>
    <subfield code="b">Raboche-Krestʹi︠a︡nskai︠a︡ Krasnai︠a︡ Armii︠a︡</subfield>
    <subfield code="x">Officers</subfield>
    <subfield code="v">Biography.</subfield>
  </datafield>
  <datafield tag="610" ind1="2" ind2="0">
    <subfield code="a">DOSAAF SSSR</subfield>
    <subfield code="v">Biography.</subfield>
  </datafield>
  <datafield tag="650" ind1=" " ind2="0">
    <subfield code="a">World War, 1939-1945</subfield>
    <subfield code="x">Veterans</subfield>
    <subfield code="z">Soviet Union</subfield>
    <subfield code="v">Biography.</subfield>
  </datafield>
  <datafield tag="651" ind1=" " ind2="0">
    <subfield code="a">Soviet Union</subfield>
    <subfield code="x">History</subfield>
    <subfield code="y">1925-1953</subfield>
    <subfield code="v">Biography.</subfield>
  </datafield>
  <datafield tag="700" ind1="1" ind2=" ">
    <subfield code="6">880-03</subfield>
    <subfield code="a">Ghazaryan, Ē. A.</subfield>
    <subfield code="q">(Ēduard Artashesi),</subfield>
    <subfield code="e">compiler.</subfield>
  </datafield>
  <datafield tag="880" ind1="1" ind2=" ">
    <subfield code="6">700-03</subfield>
    <subfield code="a">Ղազարյան, Է. Ա.</subfield>
    <subfield code="q">(Էդուարդ Արտաշեսի),</subfield>
    <subfield code="e">compiler.</subfield>
  </datafield>
  <datafield tag="700" ind1="1" ind2=" ">
    <subfield code="a">Kazari︠a︡n, Artashes Ėduardovich,</subfield>
    <subfield code="e">compiler.</subfield>
  </datafield>
  <datafield tag="923" ind1=" " ind2=" ">
    <subfield code="d">2015-08-04</subfield>
    <subfield code="n">2015-5</subfield>
    <subfield code="s">National Academy of Sciences, Republic of Armenia</subfield>
    <subfield code="x">Exchange</subfield>
  </datafield>
</record>