
<record>
  <leader>02754cam a2200445 i 4500</leader>
  <controlfield tag="001">18817109</controlfield>
  <controlfield tag="005">20200102114008.0</controlfield>
  <controlfield tag="008">151014s2012    ai       b    000 0 rus d</controlfield>
  <datafield tag="906" ind1=" " ind2=" ">
    <subfield code="a">0</subfield>
    <subfield code="b">ibc</subfield>
    <subfield code="c">copycat</subfield>
    <subfield code="d">2</subfield>
    <subfield code="e">ncip</subfield>
    <subfield code="f">20</subfield>
    <subfield code="g">y-nonroman</subfield>
  </datafield>
  <datafield tag="925" ind1="0" ind2=" ">
    <subfield code="a">acquire</subfield>
    <subfield code="b">1 shelf copy</subfield>
    <subfield code="x">policy default</subfield>
  </datafield>
  <datafield tag="955" ind1=" " ind2=" ">
    <subfield code="b">ti25 2015-10-14 z-processor JACKPHY</subfield>
    <subfield code="a">cd00 2015-10-14 to ASME/IJ</subfield>
    <subfield code="b">cd24 2019-12-31 z-processor JACKPHY</subfield>
    <subfield code="a">cd24 2019-12-31</subfield>
    <subfield code="i">cd24 2019-12-31</subfield>
  </datafield>
  <datafield tag="010" ind1=" " ind2=" ">
    <subfield code="a">  2015492192</subfield>
  </datafield>
  <datafield tag="016" ind1="7" ind2=" ">
    <subfield code="a">017383209</subfield>
    <subfield code="2">Uk</subfield>
  </datafield>
  <datafield tag="020" ind1=" " ind2=" ">
    <subfield code="a">9785808416789</subfield>
  </datafield>
  <datafield tag="035" ind1=" " ind2=" ">
    <subfield code="a">(OCoLC)ocn851153396</subfield>
  </datafield>
  <datafield tag="040" ind1=" " ind2=" ">
    <subfield code="a">HLS</subfield>
    <subfield code="b">eng</subfield>
    <subfield code="c">HLS</subfield>
    <subfield code="e">rda</subfield>
    <subfield code="d">OCLCO</subfield>
    <subfield code="d">ZCU</subfield>
    <subfield code="d">OCLCF</subfield>
    <subfield code="d">CUY</subfield>
    <subfield code="d">OCLCO</subfield>
    <subfield code="d">OCLCQ</subfield>
    <subfield code="d">OCLCA</subfield>
    <subfield code="d">ORU</subfield>
    <subfield code="d">OCLCA</subfield>
    <subfield code="d">OCL</subfield>
    <subfield code="d">GBVCP</subfield>
    <subfield code="d">UKMGB</subfield>
    <subfield code="d">OCLCO</subfield>
    <subfield code="d">DLC</subfield>
  </datafield>
  <datafield tag="041" ind1="1" ind2=" ">
    <subfield code="a">rus</subfield>
    <subfield code="b">eng</subfield>
    <subfield code="h">arm</subfield>
  </datafield>
  <datafield tag="042" ind1=" " ind2=" ">
    <subfield code="a">lccopycat</subfield>
  </datafield>
  <datafield tag="043" ind1=" " ind2=" ">
    <subfield code="a">a-ai---</subfield>
    <subfield code="a">a-aj---</subfield>
  </datafield>
  <datafield tag="066" ind1=" " ind2=" ">
    <subfield code="a">(N</subfield>
  </datafield>
  <datafield tag="050" ind1="0" ind2="0">
    <subfield code="a">DS195.5</subfield>
    <subfield code="b">.Z6517 2012</subfield>
  </datafield>
  <datafield tag="100" ind1="1" ind2=" ">
    <subfield code="a">Zohrabyan, Ē. A.</subfield>
    <subfield code="q">(Ēdik Artemi),</subfield>
    <subfield code="d">1939-2013,</subfield>
    <subfield code="e">author.</subfield>
  </datafield>
  <datafield tag="240" ind1="1" ind2="0">
    <subfield code="a">Sharur-Nakhijevaně 1918-1919 tʻtʻ.</subfield>
    <subfield code="l">Russian</subfield>
  </datafield>
  <datafield tag="245" ind1="1" ind2="0">
    <subfield code="6">880-01</subfield>
    <subfield code="a">Sharur-Nakhichevan v 1918-1919 gg. :</subfield>
    <subfield code="b">(istorii︠a︡ genot︠s︡ida nakhichevanskikh armi︠a︡n) /</subfield>
    <subfield code="c">Ė.A. Zograbi︠a︡n ; perevod s armi︠a︡nskogo: L.R. Bagdasari︠a︡n, G.R. Oganesi︠a︡n = Sharur-Nakhijevaně 1918-1919 tʻtʻ. : (Nakhijevanahayeri tsʻeghaspanutʻyan patmutʻyun) / Ē.A. Zohrabyan.</subfield>
  </datafield>
  <datafield tag="880" ind1="1" ind2="0">
    <subfield code="6">245-01/(N</subfield>
    <subfield code="a">Шарур-Нахичеван в 1918-1919 гг. :</subfield>
    <subfield code="b">история геноцида нахичеванских армян /</subfield>
    <subfield code="c">Э.А. Зограбян ; перевод с армянского: Л.Р. Багдасарян, Г.Р. Оганесян = Sharur-Nakhijevaně 1918-1919 tʻtʻ. : (Nakhijevanahayeri tsʻeghaspanutʻyan patmutʻyun) / Ē.A. Zohrabyan.</subfield>
  </datafield>
  <datafield tag="246" ind1="1" ind2="5">
    <subfield code="a">Sharur-Nakhijevaně 1918-1919 tʻtʻ. :</subfield>
    <subfield code="b">Nakhijevanahayeri tsʻeghaspanutʻyan patmutʻyun</subfield>
  </datafield>
  <datafield tag="246" ind1="3" ind2=" ">
    <subfield code="i">Title from English summary:</subfield>
    <subfield code="a">Sharur-Nakhijevan in 1918-1919 :</subfield>
    <subfield code="b">history of the genocide of the Armenians in Nakhijevan</subfield>
  </datafield>
  <datafield tag="264" ind1=" " ind2="1">
    <subfield code="6">880-02</subfield>
    <subfield code="a">Erevan :</subfield>
    <subfield code="b">Izdatelʹstvo EGU,</subfield>
    <subfield code="c">2012.</subfield>
  </datafield>
  <datafield tag="880" ind1=" " ind2="1">
    <subfield code="6">264-02/(N</subfield>
    <subfield code="a">Ереван :</subfield>
    <subfield code="b">Издательство &quot;ЕГУ&quot;,</subfield>
    <subfield code="c">2012.</subfield>
  </datafield>
  <datafield tag="300" ind1=" " ind2=" ">
    <subfield code="a">374 pages ;</subfield>
    <subfield code="c">21 cm</subfield>
  </datafield>
  <datafield tag="336" ind1=" " ind2=" ">
    <subfield code="a">text</subfield>
    <subfield code="b">txt</subfield>
    <subfield code="2">rdacontent</subfield>
  </datafield>
  <datafield tag="337" ind1=" " ind2=" ">
    <subfield code="a">unmediated</subfield>
    <subfield code="b">n</subfield>
    <subfield code="2">rdamedia</subfield>
  </datafield>
  <datafield tag="338" ind1=" " ind2=" ">
    <subfield code="a">volume</subfield>
    <subfield code="b">nc</subfield>
    <subfield code="2">rdacarrier</subfield>
  </datafield>
  <datafield tag="546" ind1=" " ind2=" ">
    <subfield code="a">In Russian; translated from Armenian; summary in English.</subfield>
  </datafield>
  <datafield tag="500" ind1=" " ind2=" ">
    <subfield code="6">880-03</subfield>
    <subfield code="a">At head of title: Erevanskiĭ gosudarstvennyĭ universitet = Erevani petakan hamalsaran.</subfield>
  </datafield>
  <datafield tag="880" ind1=" " ind2=" ">
    <subfield code="6">500-03/(N</subfield>
    <subfield code="a">At head of title: Ереванский государственный университет = Erevani petakan hamalsaran.</subfield>
  </datafield>
  <datafield tag="504" ind1=" " ind2=" ">
    <subfield code="a">Includes bibliographical references.</subfield>
  </datafield>
  <datafield tag="650" ind1=" " ind2="0">
    <subfield code="a">Armenian massacres, 1915-1923</subfield>
    <subfield code="z">Azerbaijan</subfield>
    <subfield code="z">Naxçıvan.</subfield>
  </datafield>
  <datafield tag="710" ind1="2" ind2=" ">
    <subfield code="a">Erevani Petakan Hamalsaran,</subfield>
    <subfield code="e">sponsor.</subfield>
  </datafield>
  <datafield tag="923" ind1=" " ind2=" ">
    <subfield code="d">2013-05-22</subfield>
    <subfield code="n">2013333</subfield>
    <subfield code="s">ATC Books</subfield>
  </datafield>
</record>