
<record>
  <leader>03365cam a2200505 i 4500</leader>
  <controlfield tag="001">18820112</controlfield>
  <controlfield tag="005">20200102163805.0</controlfield>
  <controlfield tag="008">151016s2014    nyu      b    001 0 heb d</controlfield>
  <datafield tag="906" ind1=" " ind2=" ">
    <subfield code="a">0</subfield>
    <subfield code="b">ibc</subfield>
    <subfield code="c">copycat</subfield>
    <subfield code="d">3</subfield>
    <subfield code="e">ncip</subfield>
    <subfield code="f">20</subfield>
    <subfield code="g">y-nonroman</subfield>
  </datafield>
  <datafield tag="925" ind1="0" ind2=" ">
    <subfield code="a">acquire</subfield>
    <subfield code="b">1 shelf copy</subfield>
    <subfield code="x">policy default</subfield>
  </datafield>
  <datafield tag="955" ind1=" " ind2=" ">
    <subfield code="b">cd01 2015-10-16 z-processor JACKPHY</subfield>
    <subfield code="a">cd00 2015-10-16 to ASME/IJ;</subfield>
    <subfield code="a">cd22 2019-10-07;</subfield>
    <subfield code="i">cd22 2019-12-31 created NAR and UTNAR, to cd01;</subfield>
    <subfield code="r">cd01 2020-01-02 reviewed, returned to cd22</subfield>
  </datafield>
  <datafield tag="010" ind1=" " ind2=" ">
    <subfield code="a">  2015492162</subfield>
  </datafield>
  <datafield tag="035" ind1=" " ind2=" ">
    <subfield code="a">(OCoLC)ocn914136504</subfield>
  </datafield>
  <datafield tag="040" ind1=" " ind2=" ">
    <subfield code="a">HLS</subfield>
    <subfield code="b">eng</subfield>
    <subfield code="e">rda</subfield>
    <subfield code="c">HLS</subfield>
    <subfield code="d">OCLCO</subfield>
    <subfield code="d">YYP</subfield>
    <subfield code="d">OCLCF</subfield>
    <subfield code="d">DLC</subfield>
  </datafield>
  <datafield tag="042" ind1=" " ind2=" ">
    <subfield code="a">lccopycat</subfield>
  </datafield>
  <datafield tag="050" ind1="0" ind2="0">
    <subfield code="a">BS1265.53</subfield>
    <subfield code="b">.G73 2014 +</subfield>
  </datafield>
  <datafield tag="066" ind1=" " ind2=" ">
    <subfield code="c">(2</subfield>
  </datafield>
  <datafield tag="100" ind1="1" ind2=" ">
    <subfield code="6">880-01</subfield>
    <subfield code="a">Grinṿald, Mosheh ben ʻAmram,</subfield>
    <subfield code="d">1853-1910,</subfield>
    <subfield code="e">author.</subfield>
  </datafield>
  <datafield tag="880" ind1="1" ind2=" ">
    <subfield code="6">100-01/(2/r‏</subfield>
    <subfield code="a">‏גרינוואלד, משה בן עמרם.</subfield>
  </datafield>
  <datafield tag="240" ind1="1" ind2="0">
    <subfield code="a">ʻArugat ha-bośem (Torah, Parashiyot yeme ha-ḳayits)</subfield>
  </datafield>
  <datafield tag="245" ind1="1" ind2="0">
    <subfield code="6">880-02</subfield>
    <subfield code="a">Sefer ʻArugat ha-bośem :</subfield>
    <subfield code="b">ḥidushe agadah ʻal Ḥamishah Ḥumshe Torah asher hishʼir aḥaraṿ berakhah ... Maran Mosheh ben ha-Rav ... ʻAmram z. ts.l.l.h.h., Grinṿald mi-ḳ.ḳ. Ṭshorna ; le-farashiyot yeme ha-ḳayits/</subfield>
    <subfield code="c">neʻerakh ṿe-nisdar ʻal yede ha-Rav Aharon Shapira ; yotse la-or ʻal yede nekhed ha-meḥaber Yehoshuʻa b. ha-R. Daṿid Grinṿald.</subfield>
  </datafield>
  <datafield tag="880" ind1="1" ind2="0">
    <subfield code="6">245-02/(2/r‏</subfield>
    <subfield code="a">‏ספר ערוגת הבשם :‏</subfield>
    <subfield code="b">‏חידושי אגדה על חמשה חומשי תורה ‏אשר השאיר אחריו ברכה ... מרן משה בן הרב ... עמרם, זצללה&quot;ה, גרינוואלד מק&quot;ק טשארנא ; לפרשיות ימי הקיץ /‏</subfield>
    <subfield code="c">‏נערך ונסדר על ידי הרב אהרן שפירא ; יוצא לאור על ידי נכד המחבר יהושע בהר&quot;ר דוד גרינוואלד.</subfield>
  </datafield>
  <datafield tag="246" ind1="1" ind2="7">
    <subfield code="6">880-03</subfield>
    <subfield code="a">ʻArugat ha-bośem</subfield>
  </datafield>
  <datafield tag="880" ind1="1" ind2="7">
    <subfield code="6">246-03/(2/r‏</subfield>
    <subfield code="a">‏ערוגת הבשם</subfield>
  </datafield>
  <datafield tag="264" ind1=" " ind2="1">
    <subfield code="6">880-04</subfield>
    <subfield code="a">Bruḳlin :</subfield>
    <subfield code="b">Yotse la-or ʻal yede nekhed ha-meḥaber Yehoshuʻa beha-R. Daṿid Grinṿald,</subfield>
    <subfield code="c">775 [2014 or 2015]</subfield>
  </datafield>
  <datafield tag="880" ind1=" " ind2="1">
    <subfield code="6">264-04/(2/r‏</subfield>
    <subfield code="a">‏ברוקלין :‏</subfield>
    <subfield code="b">‏יוצא לאור על ידי נכד המחבר יהושע בהר&quot;ר דוד גרינוואלד,‏</subfield>
    <subfield code="c">‏תשע&quot;ה.</subfield>
  </datafield>
  <datafield tag="264" ind1=" " ind2="2">
    <subfield code="6">880-05</subfield>
    <subfield code="a">[Brooklyn] :</subfield>
    <subfield code="b">Hotsaʼat sefarim &quot;Shirah&quot;</subfield>
  </datafield>
  <datafield tag="880" ind1=" " ind2="2">
    <subfield code="6">264-05/(2/r‏</subfield>
    <subfield code="a">‏[Brooklyn] :‏</subfield>
    <subfield code="b">‏הוצאת ספרים &quot;שירה&quot;</subfield>
  </datafield>
  <datafield tag="300" ind1=" " ind2=" ">
    <subfield code="a">[205], 196, [11] pages ;</subfield>
    <subfield code="c">25 cm</subfield>
  </datafield>
  <datafield tag="336" ind1=" " ind2=" ">
    <subfield code="a">text</subfield>
    <subfield code="b">txt</subfield>
    <subfield code="2">rdacontent</subfield>
  </datafield>
  <datafield tag="337" ind1=" " ind2=" ">
    <subfield code="a">unmediated</subfield>
    <subfield code="b">n</subfield>
    <subfield code="2">rdamedia</subfield>
  </datafield>
  <datafield tag="338" ind1=" " ind2=" ">
    <subfield code="a">volume</subfield>
    <subfield code="b">nc</subfield>
    <subfield code="2">rdacarrier</subfield>
  </datafield>
  <datafield tag="500" ind1=" " ind2=" ">
    <subfield code="6">880-06</subfield>
    <subfield code="a">&quot;Mahadurah meyuḥedet li-yeme ha-ḳayits&quot;--Cover.</subfield>
  </datafield>
  <datafield tag="880" ind1=" " ind2=" ">
    <subfield code="6">500-06/(2/r‏</subfield>
    <subfield code="a">‏&quot;מהדורה מיוחדת לימי הקיץ&quot;--Cover.</subfield>
  </datafield>
  <datafield tag="500" ind1=" " ind2=" ">
    <subfield code="a">Page numbering begins with 304.</subfield>
  </datafield>
  <datafield tag="504" ind1=" " ind2=" ">
    <subfield code="a">Includes bibliographical references and includes a sample index.</subfield>
  </datafield>
  <datafield tag="630" ind1="0" ind2="0">
    <subfield code="a">Bible.</subfield>
    <subfield code="p">Numbers</subfield>
    <subfield code="v">Commentaries.</subfield>
  </datafield>
  <datafield tag="630" ind1="0" ind2="0">
    <subfield code="a">Bible.</subfield>
    <subfield code="p">Deuteronomy</subfield>
    <subfield code="v">Commentaries.</subfield>
  </datafield>
  <datafield tag="650" ind1=" " ind2="0">
    <subfield code="a">Jewish ethics.</subfield>
  </datafield>
  <datafield tag="700" ind1="1" ind2=" ">
    <subfield code="6">880-07</subfield>
    <subfield code="a">Shapira, Aharon</subfield>
    <subfield code="q">(Aharon ben Berish),</subfield>
    <subfield code="e">editor.</subfield>
  </datafield>
  <datafield tag="880" ind1="1" ind2=" ">
    <subfield code="6">700-07/(2/r‏</subfield>
    <subfield code="a">‏שפירא, אהרן.</subfield>
  </datafield>
  <datafield tag="700" ind1="1" ind2=" ">
    <subfield code="6">880-08</subfield>
    <subfield code="a">Grinṿald, Yehoshuʻa ben Daṿid,</subfield>
    <subfield code="e">publisher.</subfield>
  </datafield>
  <datafield tag="880" ind1="1" ind2=" ">
    <subfield code="6">700-08/(2/r‏</subfield>
    <subfield code="a">‏גרינוואלד, יהושע בן דוד.</subfield>
  </datafield>
  <datafield tag="700" ind1="1" ind2="2">
    <subfield code="i">Container of (work):</subfield>
    <subfield code="a">Grinṿald, Mosheh ben ʻAmram,</subfield>
    <subfield code="d">1853-1910.</subfield>
    <subfield code="t">Hakhanah de-rabah.</subfield>
  </datafield>
  <datafield tag="700" ind1="1" ind2="2">
    <subfield code="i">Container of (work):</subfield>
    <subfield code="a">Grinṿald, Mosheh ben ʻAmram,</subfield>
    <subfield code="d">1853-1910.</subfield>
    <subfield code="t">Hanhagot yesherot.</subfield>
  </datafield>
</record>