
<record>
  <leader>04994cam a2200517 i 4500</leader>
  <controlfield tag="001">18978607</controlfield>
  <controlfield tag="005">20200102174951.0</controlfield>
  <controlfield tag="008">160217s2014    ai ab    b    001 0 rus d</controlfield>
  <datafield tag="906" ind1=" " ind2=" ">
    <subfield code="a">0</subfield>
    <subfield code="b">ibc</subfield>
    <subfield code="c">copycat</subfield>
    <subfield code="d">2</subfield>
    <subfield code="e">ncip</subfield>
    <subfield code="f">20</subfield>
    <subfield code="g">y-gencatlg</subfield>
  </datafield>
  <datafield tag="925" ind1="0" ind2=" ">
    <subfield code="a">Acquire</subfield>
    <subfield code="b">1 shelf copy</subfield>
    <subfield code="x">policy default</subfield>
  </datafield>
  <datafield tag="955" ind1=" " ind2=" ">
    <subfield code="b">cd16 2016-02-17</subfield>
    <subfield code="a">cd00 2016-02-17 to ASME/IJ</subfield>
    <subfield code="b">cd24 2020-01-02 z-processor JACKPHY</subfield>
    <subfield code="a">cd24 2020-01-02</subfield>
    <subfield code="i">cd24 2020-01-02</subfield>
  </datafield>
  <datafield tag="010" ind1=" " ind2=" ">
    <subfield code="a">  2015492968</subfield>
  </datafield>
  <datafield tag="016" ind1="7" ind2=" ">
    <subfield code="a">017474013</subfield>
    <subfield code="2">Uk</subfield>
  </datafield>
  <datafield tag="020" ind1=" " ind2=" ">
    <subfield code="a">9785808010949</subfield>
  </datafield>
  <datafield tag="035" ind1=" " ind2=" ">
    <subfield code="a">(OCoLC)ocn906028728</subfield>
  </datafield>
  <datafield tag="040" ind1=" " ind2=" ">
    <subfield code="a">PIT</subfield>
    <subfield code="b">eng</subfield>
    <subfield code="c">PIT</subfield>
    <subfield code="e">rda</subfield>
    <subfield code="d">CUY</subfield>
    <subfield code="d">OCLCO</subfield>
    <subfield code="d">OCLCF</subfield>
    <subfield code="d">OCLCO</subfield>
    <subfield code="d">ZCU</subfield>
    <subfield code="d">OCL</subfield>
    <subfield code="d">EYM</subfield>
    <subfield code="d">UKMGB</subfield>
    <subfield code="d">DLC</subfield>
  </datafield>
  <datafield tag="041" ind1="0" ind2=" ">
    <subfield code="a">rus</subfield>
    <subfield code="a">arm</subfield>
  </datafield>
  <datafield tag="042" ind1=" " ind2=" ">
    <subfield code="a">lccopycat</subfield>
  </datafield>
  <datafield tag="043" ind1=" " ind2=" ">
    <subfield code="a">a-aj---</subfield>
  </datafield>
  <datafield tag="050" ind1="0" ind2="0">
    <subfield code="a">DK699.5.G35</subfield>
    <subfield code="b">S36 2014</subfield>
  </datafield>
  <datafield tag="245" ind1="0" ind2="0">
    <subfield code="6">880-01</subfield>
    <subfield code="a">Samooborona armi︠a︡n Kirovabada v 1988-1989 gg. glazami ochevidt︠s︡ev :</subfield>
    <subfield code="b">25-letii︠u︡ samooborony armi︠a︡n Kirovobada posvi︠a︡shchaetsi︠a︡ /</subfield>
    <subfield code="c">sostaviteli Grisha Oganezov, Granush Kharati︠a︡n ; istoricheskiĭ ocherk i kommentarii Granush Kharati︠a︡n = Kirovabadi hayeri inkʻnapashtpanutʻyuně 1988-1989 tʻ.tʻ. ěst akanatesneri : nvirvum ē Kirovabadi hayeri inkʻnapashtpanutʻyan 25-amyakin / kazmel en Grisha Ōganezově ev patm. git. tʻeknatsu Hranush Khaṛatyaně ; patmakan aknarkě, tsanotʻagrutʻyunnerě ev meknabanutʻyunnerě: Hranush Khaṛatyani.</subfield>
  </datafield>
  <datafield tag="880" ind1="0" ind2="0">
    <subfield code="6">245-01</subfield>
    <subfield code="a">Самооборона армян Кировабада в 1988-1989 гг. глазами очевидцев :</subfield>
    <subfield code="b">25-летию самообороны армян Кировобада посвящается /</subfield>
    <subfield code="c">составители Гриша Оганезов, Грануш Харатян ; исторический очерк и комментарии Грануш Харатян = Կիրովաբադի հայերի ինքնապաշտպանությունը 1988-1989 թ.թ. ըստ ականատեսների : նվիրվում է Կիրովաբադի հայերի ինքնապաշտպանության 25-ամյակին / կազմել են Գրիշա Օգանեզովը և պատմ. գիտ. թեկնածու Հրանուշ Խառատյանը ; պատմական ակնարկը, ծանոթագրությունները և մեկնաբանությունները: Հրանուշ Խառատյանի.</subfield>
  </datafield>
  <datafield tag="246" ind1="1" ind2="5">
    <subfield code="6">880-02</subfield>
    <subfield code="a">Kirovabadi hayeri inkʻnapashtpanutʻyuně 1988-1989 tʻ.tʻ. ěst akanatesneri :</subfield>
    <subfield code="b">nvirvum ē Kirovabadi hayeri inkʻnapashtpanutʻyan 25-amyakin</subfield>
  </datafield>
  <datafield tag="880" ind1="1" ind2="5">
    <subfield code="6">246-02</subfield>
    <subfield code="a">Կիրովաբադի հայերի ինքնապաշտպանությունը 1988-1989 թ.թ. ըստ ականատեսների :</subfield>
    <subfield code="b">նվիրվում է Կիրովաբադի հայերի ինքնապաշտպանության 25-ամյակին</subfield>
  </datafield>
  <datafield tag="264" ind1=" " ind2="1">
    <subfield code="6">880-03</subfield>
    <subfield code="a">Erevan :</subfield>
    <subfield code="b">Izdatelʹstvo &quot;Gituti︠u︡n&quot; NAN RA,</subfield>
    <subfield code="c">2014.</subfield>
  </datafield>
  <datafield tag="880" ind1=" " ind2="1">
    <subfield code="6">264-03</subfield>
    <subfield code="a">Ереван :</subfield>
    <subfield code="b">Издательство &quot;Гитутюн&quot; НАН РА,</subfield>
    <subfield code="c">2014.</subfield>
  </datafield>
  <datafield tag="300" ind1=" " ind2=" ">
    <subfield code="a">533 pages :</subfield>
    <subfield code="b">illustrations, map ;</subfield>
    <subfield code="c">25 cm.</subfield>
  </datafield>
  <datafield tag="336" ind1=" " ind2=" ">
    <subfield code="a">text</subfield>
    <subfield code="b">txt</subfield>
    <subfield code="2">rdacontent</subfield>
  </datafield>
  <datafield tag="337" ind1=" " ind2=" ">
    <subfield code="a">unmediated</subfield>
    <subfield code="b">n</subfield>
    <subfield code="2">rdamedia</subfield>
  </datafield>
  <datafield tag="338" ind1=" " ind2=" ">
    <subfield code="a">volume</subfield>
    <subfield code="b">nc</subfield>
    <subfield code="2">rdacarrier</subfield>
  </datafield>
  <datafield tag="490" ind1="1" ind2=" ">
    <subfield code="6">880-04</subfield>
    <subfield code="a">Antropologii︠a︡ pami︠a︡ti = Hishoghutʻyan mardabanutʻyun ;</subfield>
    <subfield code="v">4</subfield>
  </datafield>
  <datafield tag="880" ind1="1" ind2=" ">
    <subfield code="6">490-04</subfield>
    <subfield code="a">Антропология памяти = Հիշողության մարդաբանություն ;</subfield>
    <subfield code="v">4</subfield>
  </datafield>
  <datafield tag="546" ind1=" " ind2=" ">
    <subfield code="a">In Russian and Armenian.</subfield>
  </datafield>
  <datafield tag="500" ind1=" " ind2=" ">
    <subfield code="6">880-05</subfield>
    <subfield code="a">At head of title: Nat︠s︡ionalʹnai︠a︡ akademii︠a︡ nauk Respubliki Armenii︠a︡. Institut arkheologii i ėtnografii = Hayastani Hanrapetutʻyan gitutʻyunneri azgayin akademia. Hnagitutʻyan ev azgagrutʻyan institut.</subfield>
  </datafield>
  <datafield tag="880" ind1=" " ind2=" ">
    <subfield code="6">500-05</subfield>
    <subfield code="a">At head of title: Национальная академия наук Республики Армения. Институт археологии и этнографии = Հայաստանի Հանրապետության գիտությունների ազգային ակադեմիա. Հնագիտության եվ ազգագրության ինստիտուտ.</subfield>
  </datafield>
  <datafield tag="504" ind1=" " ind2=" ">
    <subfield code="a">Includes bibliographical references (pages 528-532) and indexes.</subfield>
  </datafield>
  <datafield tag="650" ind1=" " ind2="0">
    <subfield code="a">Armenians</subfield>
    <subfield code="z">Azerbaijan</subfield>
    <subfield code="z">Gäncä</subfield>
    <subfield code="x">History</subfield>
    <subfield code="y">20th century.</subfield>
  </datafield>
  <datafield tag="650" ind1=" " ind2="0">
    <subfield code="a">Armenians</subfield>
    <subfield code="x">Crimes against</subfield>
    <subfield code="z">Azerbaijan</subfield>
    <subfield code="z">Gäncä.</subfield>
  </datafield>
  <datafield tag="650" ind1=" " ind2="0">
    <subfield code="a">Massacres</subfield>
    <subfield code="z">Azerbaijan</subfield>
    <subfield code="z">Gäncä</subfield>
    <subfield code="x">History</subfield>
    <subfield code="y">20th century.</subfield>
  </datafield>
  <datafield tag="651" ind1=" " ind2="0">
    <subfield code="a">Gäncä (Azerbaijan)</subfield>
    <subfield code="x">Ethnic relations.</subfield>
  </datafield>
  <datafield tag="700" ind1="1" ind2=" ">
    <subfield code="a">Oganezov, Grisha,</subfield>
    <subfield code="e">compiler.</subfield>
  </datafield>
  <datafield tag="700" ind1="1" ind2=" ">
    <subfield code="6">880-06</subfield>
    <subfield code="a">Khaṛatyan-Aṛakʻelyan, Hranush,</subfield>
    <subfield code="d">1952-</subfield>
    <subfield code="e">compiler,</subfield>
    <subfield code="e">writer of added commentary.</subfield>
  </datafield>
  <datafield tag="880" ind1="1" ind2=" ">
    <subfield code="6">700-06</subfield>
    <subfield code="a">Խառատյան-Առաքելյան, Հրանուշ,</subfield>
    <subfield code="d">1952-</subfield>
    <subfield code="e">compiler,</subfield>
    <subfield code="e">writer of added commentary.</subfield>
  </datafield>
  <datafield tag="710" ind1="2" ind2=" ">
    <subfield code="6">880-07</subfield>
    <subfield code="a">Hnagitutʻyan ev Azgagrutʻyan Institut (Hayastani Hanrapetutʻyan Gitutʻyunneri Azgayin Akademia),</subfield>
    <subfield code="e">issuing body.</subfield>
  </datafield>
  <datafield tag="880" ind1="2" ind2=" ">
    <subfield code="6">710-07</subfield>
    <subfield code="a">Հնագիտության եվ Ազգագրության Ինստիտուտ (Հայաստանի Հանրապետության Գիտությունների Ազգային Ակադեմիա),</subfield>
    <subfield code="e">issuing body.</subfield>
  </datafield>
  <datafield tag="923" ind1=" " ind2=" ">
    <subfield code="d">2015-11-03</subfield>
    <subfield code="n">2015-6</subfield>
    <subfield code="s">IRC (U.S. Embassy in Yerevan)</subfield>
    <subfield code="x">Exchange</subfield>
  </datafield>
</record>