
<record>
  <leader>03128cam a2200505 i 4500</leader>
  <controlfield tag="001">18984329</controlfield>
  <controlfield tag="005">20200102145117.0</controlfield>
  <controlfield tag="008">151129m20159999is h     b    000 0dheb  </controlfield>
  <datafield tag="906" ind1=" " ind2=" ">
    <subfield code="a">7</subfield>
    <subfield code="b">cbc</subfield>
    <subfield code="c">origres</subfield>
    <subfield code="d">3</subfield>
    <subfield code="e">ncip</subfield>
    <subfield code="f">20</subfield>
    <subfield code="g">y-nonroman</subfield>
  </datafield>
  <datafield tag="925" ind1="0" ind2=" ">
    <subfield code="a">acquire</subfield>
    <subfield code="b">1 shelf copy</subfield>
    <subfield code="x">policy default</subfield>
  </datafield>
  <datafield tag="955" ind1=" " ind2=" ">
    <subfield code="b">Vendor load;</subfield>
    <subfield code="a">cd00 2016-05-19 to ASME/IJ;</subfield>
    <subfield code="a">cd23 2018-05-07 to cd23 for full cat. (volume 1);</subfield>
    <subfield code="i">cd23 2018-05-17 telework (volume 1) to cd01 for review;</subfield>
    <subfield code="r">cd01 2018-06-05 reviewed (volume 1), returned to cd23;</subfield>
    <subfield code="a">cd23 2018-06-06 revised, to Hebraic shelves (volume 1);</subfield>
    <subfield code="a">cd23 2020-01-02 telework Bibframe ymey</subfield>
  </datafield>
  <datafield tag="010" ind1=" " ind2=" ">
    <subfield code="a">  2016403576</subfield>
  </datafield>
  <datafield tag="035" ind1=" " ind2=" ">
    <subfield code="a">(IsJeAIW)wb2016411558</subfield>
  </datafield>
  <datafield tag="040" ind1=" " ind2=" ">
    <subfield code="a">DLC</subfield>
    <subfield code="b">eng</subfield>
    <subfield code="e">rda</subfield>
    <subfield code="c">DLC</subfield>
  </datafield>
  <datafield tag="042" ind1=" " ind2=" ">
    <subfield code="a">pcc</subfield>
  </datafield>
  <datafield tag="043" ind1=" " ind2=" ">
    <subfield code="a">a-is---</subfield>
  </datafield>
  <datafield tag="050" ind1="0" ind2="0">
    <subfield code="a">BM520.3</subfield>
    <subfield code="b">.V69 2015</subfield>
  </datafield>
  <datafield tag="066" ind1=" " ind2=" ">
    <subfield code="c">(2</subfield>
  </datafield>
  <datafield tag="100" ind1="1" ind2=" ">
    <subfield code="6">880-01</subfield>
    <subfield code="a">Ṿozner, Avraham Eliyahu,</subfield>
    <subfield code="c">ha-Leṿi,</subfield>
    <subfield code="e">author.</subfield>
  </datafield>
  <datafield tag="880" ind1="1" ind2=" ">
    <subfield code="6">100-01/(2/r‏</subfield>
    <subfield code="a">‏ואזנר, אברהם אליהו,‏</subfield>
    <subfield code="c">‏הלוי.</subfield>
  </datafield>
  <datafield tag="240" ind1="1" ind2="0">
    <subfield code="a">Halikhot sheveṭ ha-Leṿi</subfield>
  </datafield>
  <datafield tag="245" ind1="1" ind2="0">
    <subfield code="6">880-02</subfield>
    <subfield code="a">Sefer Halikhot sheveṭ ha-Leṿi :</subfield>
    <subfield code="b">otsar halikhot ḳodesh, hanhagot ṿe-hadrakhot, pisḳe halakhot ṿe-horaʼot, asher nahag ba-hem ... ha-g. ha-ḳ. Baʻal Sheveṭ ha-Leṿi, z. ts. ṿe-ḳ. l.l.h.h., g.a.b.d. Zikhron Meʼir B.B. ṿe-resh Metivta di-Yeshivat Ḥakhme Lublin /</subfield>
    <subfield code="c">nilḳaṭ ṿe-neʻerakh ʻa. y. nekhdo talmido Avraham Eliyahu ha-Leṿi Ṿozner b. la-a. a.m. ṿe-r. ha-g. R.Y.B., sheliṭa.</subfield>
  </datafield>
  <datafield tag="880" ind1="1" ind2="0">
    <subfield code="6">245-02/(2/r‏</subfield>
    <subfield code="a">‏ספר הליכות שבט הלוי :‏</subfield>
    <subfield code="b">‏אוצר הליכות קודש, הנהגות והדרכות, פסקי הלכות והוראות, אשר נהג בהם ... הגה&quot;ק בעל שבט הלוי, זצוקללה&quot;ה, גאב&quot;ד זכרון מאיר ב&quot;ב וריש מתיבתא דישיבת חכמי לובלין /‏</subfield>
    <subfield code="c">‏נלקט ונערך ע&quot;י נכדו תלמידו אברהם אליהו הלוי ואזנר בלאאמו&quot;ר הגרי&quot;ב, שליט&quot;א.</subfield>
  </datafield>
  <datafield tag="246" ind1="3" ind2=" ">
    <subfield code="6">880-03</subfield>
    <subfield code="a">Sheveṭ ha-Leṿi</subfield>
  </datafield>
  <datafield tag="880" ind1="3" ind2=" ">
    <subfield code="6">246-03/(2/r‏</subfield>
    <subfield code="a">‏שבט הלוי</subfield>
  </datafield>
  <datafield tag="246" ind1="1" ind2="7">
    <subfield code="6">880-04</subfield>
    <subfield code="a">Halikhot sheveṭ ha-Leṿi</subfield>
  </datafield>
  <datafield tag="880" ind1="1" ind2="7">
    <subfield code="6">246-04/(2/r‏</subfield>
    <subfield code="a">‏הליכות שבט הלוי</subfield>
  </datafield>
  <datafield tag="264" ind1=" " ind2="1">
    <subfield code="6">880-05</subfield>
    <subfield code="a">Ḳiryat Tsanz, Netanya&apos;h :</subfield>
    <subfield code="b">[Avraham Eliyahu ha-Leṿi Ṿozner],</subfield>
    <subfield code="c">Or le-yom 7 Mar-Ḥeshṿan shenat 776- [October 19, 2015-</subfield>
  </datafield>
  <datafield tag="880" ind1=" " ind2="1">
    <subfield code="6">264-05/(2/r‏</subfield>
    <subfield code="a">‏קרית צאנז, נתני&apos;ה :‏</subfield>
    <subfield code="b">‏[אברהם אליהו הלוי ואזנר],‏</subfield>
    <subfield code="c">‏אור ליום ז&apos; מר-חשון שנת תשע&quot;ו-</subfield>
  </datafield>
  <datafield tag="300" ind1=" " ind2=" ">
    <subfield code="a">volume :</subfield>
    <subfield code="b">facsimile ;</subfield>
    <subfield code="c">25 cm</subfield>
  </datafield>
  <datafield tag="336" ind1=" " ind2=" ">
    <subfield code="a">text</subfield>
    <subfield code="b">txt</subfield>
    <subfield code="2">rdacontent</subfield>
  </datafield>
  <datafield tag="337" ind1=" " ind2=" ">
    <subfield code="a">unmediated</subfield>
    <subfield code="b">n</subfield>
    <subfield code="2">rdamedia</subfield>
  </datafield>
  <datafield tag="338" ind1=" " ind2=" ">
    <subfield code="a">volume</subfield>
    <subfield code="b">nc</subfield>
    <subfield code="2">rdacarrier</subfield>
  </datafield>
  <datafield tag="504" ind1=" " ind2=" ">
    <subfield code="a">Includes bibliographical references.</subfield>
  </datafield>
  <datafield tag="505" ind1="1" ind2=" ">
    <subfield code="a">[1] ʻAl seder ha-yom. Shaḥarit. Minḥah. ʻArvit</subfield>
  </datafield>
  <datafield tag="650" ind1=" " ind2="0">
    <subfield code="a">Judaism</subfield>
    <subfield code="x">Customs and practices.</subfield>
  </datafield>
  <datafield tag="650" ind1=" " ind2="0">
    <subfield code="a">Jewish law.</subfield>
  </datafield>
  <datafield tag="600" ind1="1" ind2="0">
    <subfield code="a">Ṿozner, Shemuʼel,</subfield>
    <subfield code="c">ha-Leṿi,</subfield>
    <subfield code="d">1913-2015.</subfield>
  </datafield>
  <datafield tag="650" ind1=" " ind2="0">
    <subfield code="a">Rabbis</subfield>
    <subfield code="z">Israel</subfield>
    <subfield code="v">Biography.</subfield>
  </datafield>
  <datafield tag="651" ind1=" " ind2="0">
    <subfield code="a">Israel</subfield>
    <subfield code="v">Biography.</subfield>
  </datafield>
  <datafield tag="923" ind1=" " ind2=" ">
    <subfield code="d">20160107</subfield>
    <subfield code="n">27483</subfield>
    <subfield code="s">IsJeAIW</subfield>
  </datafield>
  <datafield tag="952" ind1=" " ind2=" ">
    <subfield code="a">Volume 1: 253 pages</subfield>
  </datafield>
  <datafield tag="952" ind1=" " ind2=" ">
    <subfield code="a">Add volumes in order of receipt.</subfield>
  </datafield>
  <datafield tag="985" ind1=" " ind2=" ">
    <subfield code="e">VENDOR LOAD</subfield>
  </datafield>
  <datafield tag="985" ind1=" " ind2=" ">
    <subfield code="a">BibframePilot2</subfield>
    <subfield code="e">20180504</subfield>
  </datafield>
</record>