
<record>
  <leader>02722cam a2200433 i 4500</leader>
  <controlfield tag="001">18984360</controlfield>
  <controlfield tag="005">20200102181848.0</controlfield>
  <controlfield tag="008">151207s2015    is       b    000 0 heb  </controlfield>
  <datafield tag="906" ind1=" " ind2=" ">
    <subfield code="a">7</subfield>
    <subfield code="b">cbc</subfield>
    <subfield code="c">origres</subfield>
    <subfield code="d">2</subfield>
    <subfield code="e">ncip</subfield>
    <subfield code="f">20</subfield>
    <subfield code="g">y-nonroman</subfield>
  </datafield>
  <datafield tag="925" ind1="0" ind2=" ">
    <subfield code="a">acquire</subfield>
    <subfield code="b">1 shelf copy</subfield>
    <subfield code="x">policy default</subfield>
  </datafield>
  <datafield tag="955" ind1=" " ind2=" ">
    <subfield code="b">Vendor load;</subfield>
    <subfield code="a">2016-04-12 added LCCN, holdings and item records to cd00;</subfield>
    <subfield code="a">cd00 2016-04-12 to ASME/IJ;</subfield>
    <subfield code="a">cd23 2018-06-26 to cd23 for full cat.;</subfield>
    <subfield code="i">cd23 2018-07-05 telework to Hebraic shelves;</subfield>
    <subfield code="a">cd23 2020-01-02 telework Bibframe ymey</subfield>
  </datafield>
  <datafield tag="010" ind1=" " ind2=" ">
    <subfield code="a">  2016379604</subfield>
  </datafield>
  <datafield tag="035" ind1=" " ind2=" ">
    <subfield code="a">(IsJeAIW)wb2016411703</subfield>
  </datafield>
  <datafield tag="040" ind1=" " ind2=" ">
    <subfield code="a">DLC</subfield>
    <subfield code="b">eng</subfield>
    <subfield code="e">rda</subfield>
    <subfield code="c">DLC</subfield>
  </datafield>
  <datafield tag="042" ind1=" " ind2=" ">
    <subfield code="a">pcc</subfield>
  </datafield>
  <datafield tag="050" ind1="0" ind2="0">
    <subfield code="a">BJ1287.L373</subfield>
    <subfield code="b">H4 2016</subfield>
  </datafield>
  <datafield tag="066" ind1=" " ind2=" ">
    <subfield code="c">(2</subfield>
  </datafield>
  <datafield tag="100" ind1="1" ind2=" ">
    <subfield code="6">880-01</subfield>
    <subfield code="a">Levin, Menahem Mendel,</subfield>
    <subfield code="d">1749-1826,</subfield>
    <subfield code="e">author.</subfield>
  </datafield>
  <datafield tag="880" ind1="1" ind2=" ">
    <subfield code="6">100-01/(2/r‏</subfield>
    <subfield code="a">‏לוין, מנחם מנדל.</subfield>
  </datafield>
  <datafield tag="240" ind1="1" ind2="0">
    <subfield code="a">Ḥeshbon ha-nefesh</subfield>
  </datafield>
  <datafield tag="245" ind1="1" ind2="0">
    <subfield code="6">880-02</subfield>
    <subfield code="a">Sefer Ḥeshbon ha-nefesh :</subfield>
    <subfield code="b">taḥbulah niflaʼah le-hitrapʼot me-ḥalaye ha-midot ʻa. y. hatmadat ḥinukh tiḳunehen be-derekh ḥeshbon ṿe-hanhagah noḥah ṿe-ḳalah ... /</subfield>
    <subfield code="c">ḥibro ha-rav ha-ḥakham mo. ha-r. R. Mendil b.m.h. ṿe-r. R. Yehudah Leyb Zaborzer, ish Satạnov.</subfield>
  </datafield>
  <datafield tag="880" ind1="1" ind2="0">
    <subfield code="6">245-02/(2/r‏</subfield>
    <subfield code="a">‏ספר חשבון הנפש :‏</subfield>
    <subfield code="b">‏תחבולה נפלאה להתרפאות מחליי המדות ע״י התמדת חינוך תיקוניהן בדרך חשבון והנהגה נוחה וקלה ... /‏</subfield>
    <subfield code="c">‏חברו הרב החכם מוהר&quot;ר מענדיל במהור&quot;ר יהודה ליב זבארזר, איש סטאנאב.</subfield>
  </datafield>
  <datafield tag="246" ind1="1" ind2="8">
    <subfield code="6">880-03</subfield>
    <subfield code="a">Ḥeshbon ha-nefesh</subfield>
  </datafield>
  <datafield tag="880" ind1="1" ind2="8">
    <subfield code="6">246-03/(2/r‏</subfield>
    <subfield code="a">‏חשבון הנפש</subfield>
  </datafield>
  <datafield tag="250" ind1=" " ind2=" ">
    <subfield code="6">880-04</subfield>
    <subfield code="a">Yotse le-or ʻal-pi defus rishon ʻim heʻarot u-marʼe meḳomot ṿe-ʻim hosafot rabot mi-sheʼar ketavaṿ  /</subfield>
    <subfield code="b">ʻal yede ha-Rav Mordekhai Shemuʼel Edelshṭain.</subfield>
  </datafield>
  <datafield tag="880" ind1=" " ind2=" ">
    <subfield code="6">250-04/(2/r‏</subfield>
    <subfield code="a">יוצא לאור על-פי דפוס ראשון עם הערות ומראי מקומות ועם הוספות רבות משאר כתביו /</subfield>
    <subfield code="b">על ידי הרב מרדכי שמואל אדלשטיין.</subfield>
  </datafield>
  <datafield tag="264" ind1=" " ind2="1">
    <subfield code="6">880-05</subfield>
    <subfield code="a">Yerushalayim :</subfield>
    <subfield code="b">Hotsaʼat Mosad ha-Rav Ḳuḳ,</subfield>
    <subfield code="c">[776 = 2015]</subfield>
  </datafield>
  <datafield tag="880" ind1=" " ind2="1">
    <subfield code="6">264-05/(2/r‏</subfield>
    <subfield code="a">‏ירושלים :‏</subfield>
    <subfield code="b">‏הוצאת מוסד הרב קוק,‏</subfield>
    <subfield code="c">‏[תשע&quot;ו = 2015]</subfield>
  </datafield>
  <datafield tag="300" ind1=" " ind2=" ">
    <subfield code="a">175, 23 pages ;</subfield>
    <subfield code="c">24 cm</subfield>
  </datafield>
  <datafield tag="336" ind1=" " ind2=" ">
    <subfield code="a">text</subfield>
    <subfield code="b">txt</subfield>
    <subfield code="2">rdacontent</subfield>
  </datafield>
  <datafield tag="337" ind1=" " ind2=" ">
    <subfield code="a">unmediated</subfield>
    <subfield code="b">n</subfield>
    <subfield code="2">rdamedia</subfield>
  </datafield>
  <datafield tag="338" ind1=" " ind2=" ">
    <subfield code="a">volume</subfield>
    <subfield code="b">nc</subfield>
    <subfield code="2">rdacarrier</subfield>
  </datafield>
  <datafield tag="504" ind1=" " ind2=" ">
    <subfield code="a">Includes bibliographical references.</subfield>
  </datafield>
  <datafield tag="650" ind1=" " ind2="0">
    <subfield code="a">Jewish ethics.</subfield>
  </datafield>
  <datafield tag="700" ind1="1" ind2=" ">
    <subfield code="6">880-06</subfield>
    <subfield code="a">Edelshṭain, Mordekhai Shemuʼel,</subfield>
    <subfield code="e">editor.</subfield>
  </datafield>
  <datafield tag="880" ind1="1" ind2=" ">
    <subfield code="6">700-06/(2/r‏</subfield>
    <subfield code="a">‏אדלשטיין, מרדכי שמואל.</subfield>
  </datafield>
  <datafield tag="923" ind1=" " ind2=" ">
    <subfield code="d">20160107</subfield>
    <subfield code="n">27485</subfield>
    <subfield code="s">IsJeAIW</subfield>
  </datafield>
  <datafield tag="985" ind1=" " ind2=" ">
    <subfield code="e">VENDOR LOAD</subfield>
  </datafield>
  <datafield tag="985" ind1=" " ind2=" ">
    <subfield code="a">BibframePilot2</subfield>
    <subfield code="e">20180504</subfield>
  </datafield>
</record>