
<record>
  <leader>02670cam a2200385 i 4500</leader>
  <controlfield tag="001">18993282</controlfield>
  <controlfield tag="005">20200102172734.0</controlfield>
  <controlfield tag="008">160227s2011    xna      b    000 0deng  </controlfield>
  <datafield tag="906" ind1=" " ind2=" ">
    <subfield code="a">7</subfield>
    <subfield code="b">cbc</subfield>
    <subfield code="c">origres</subfield>
    <subfield code="d">2</subfield>
    <subfield code="e">ncip</subfield>
    <subfield code="f">20</subfield>
    <subfield code="g">y-gencatlg</subfield>
  </datafield>
  <datafield tag="925" ind1="0" ind2=" ">
    <subfield code="a">acquire</subfield>
    <subfield code="b">1 shelf copy</subfield>
    <subfield code="x">policy default</subfield>
  </datafield>
  <datafield tag="955" ind1=" " ind2=" ">
    <subfield code="b">rm08 2016-02-27 z-processor</subfield>
    <subfield code="i">rm06 2019-03-18</subfield>
    <subfield code="r">re09 20 19-03-25 rev.</subfield>
    <subfield code="w">xm06 2020-01-02</subfield>
  </datafield>
  <datafield tag="010" ind1=" " ind2=" ">
    <subfield code="a">  2015510958</subfield>
  </datafield>
  <datafield tag="020" ind1=" " ind2=" ">
    <subfield code="a">9781921941146 (pbk.)</subfield>
  </datafield>
  <datafield tag="040" ind1=" " ind2=" ">
    <subfield code="a">DLC</subfield>
    <subfield code="b">eng</subfield>
    <subfield code="e">rda</subfield>
    <subfield code="c">DLC</subfield>
    <subfield code="d">DLC</subfield>
  </datafield>
  <datafield tag="042" ind1=" " ind2=" ">
    <subfield code="a">pcc</subfield>
  </datafield>
  <datafield tag="043" ind1=" " ind2=" ">
    <subfield code="a">u-at-ne</subfield>
  </datafield>
  <datafield tag="050" ind1="0" ind2="0">
    <subfield code="a">HV6535.A82</subfield>
    <subfield code="b">N4765 2011</subfield>
  </datafield>
  <datafield tag="082" ind1="0" ind2="0">
    <subfield code="a">364.152/3092</subfield>
    <subfield code="2">23</subfield>
  </datafield>
  <datafield tag="100" ind1="1" ind2=" ">
    <subfield code="a">Seymour, Peter,</subfield>
    <subfield code="c">(Detective),</subfield>
    <subfield code="e">author.</subfield>
  </datafield>
  <datafield tag="245" ind1="1" ind2="0">
    <subfield code="a">Seven bones :</subfield>
    <subfield code="b">two wives, two violent murders, a fight for justice /</subfield>
    <subfield code="c">Peter Seymour &amp; Jason K. Foster.</subfield>
  </datafield>
  <datafield tag="264" ind1=" " ind2="1">
    <subfield code="a">Newport, N.S.W :</subfield>
    <subfield code="b">Big Sky Publishing,</subfield>
    <subfield code="c">2011.</subfield>
  </datafield>
  <datafield tag="300" ind1=" " ind2=" ">
    <subfield code="a">v, 298 pages ;</subfield>
    <subfield code="c">23 cm</subfield>
  </datafield>
  <datafield tag="336" ind1=" " ind2=" ">
    <subfield code="a">text</subfield>
    <subfield code="b">txt</subfield>
    <subfield code="2">rdacontent</subfield>
  </datafield>
  <datafield tag="337" ind1=" " ind2=" ">
    <subfield code="a">unmediated</subfield>
    <subfield code="b">n</subfield>
    <subfield code="2">rdamedia</subfield>
  </datafield>
  <datafield tag="338" ind1=" " ind2=" ">
    <subfield code="a">volume</subfield>
    <subfield code="b">nc</subfield>
    <subfield code="2">rdacarrier</subfield>
  </datafield>
  <datafield tag="504" ind1=" " ind2=" ">
    <subfield code="a">Includes bibliographical references (page 296).</subfield>
  </datafield>
  <datafield tag="520" ind1=" " ind2=" ">
    <subfield code="a">Seven Bones is the story of one of the more bizarre murder investigations in Australia&apos;s history. Two wives die in suspicious circumstances: co-incidence or, as husband Thomas Keir describes it, &apos;bad luck&apos;? Three years after Thomas Keir alleged his first wife Jean deserted him and her young son for another man, his second wife Rosalina, Jean&apos;s cousin, lay scorched and strangled on her bed. Arriving on the scene, Detective Peter Seymour realised he was dealing with the world&apos;s unluckiest husband or a serial wife killer. While Keir was remarkably found &apos;not guilty&apos; of Rosalina&apos;s murder, despite a clear cut case, her death unlocked the mystery of Jean&apos;s disappearance. A subsequent police investigation lead to the discovery of seven small fragments of Jean&apos;s bones - fingers, knuckles and toes - buried deep under the same house in which Rosalina died. Keir&apos;s &apos;grieving husband&apos; act was suddenly in question. Written through the eyes of Detective Peter Seymour, Seven Bones follows his relentless pursuit of justice and his own family sacrifices, through the drama of the police investigation into Jean&apos;s death, and the three trials, convictions, and appeals that would take fifteen years to reach their final conclusion.</subfield>
  </datafield>
  <datafield tag="650" ind1=" " ind2="0">
    <subfield code="a">Murder</subfield>
    <subfield code="z">Australia</subfield>
    <subfield code="z">New South Wales</subfield>
    <subfield code="v">Case studies.</subfield>
  </datafield>
  <datafield tag="600" ind1="1" ind2="0">
    <subfield code="a">Keir, Thomas Andrew.</subfield>
  </datafield>
  <datafield tag="600" ind1="1" ind2="0">
    <subfield code="a">Strachan, Jean Angela.</subfield>
  </datafield>
  <datafield tag="600" ind1="1" ind2="0">
    <subfield code="a">Canonizado, Rosalina.</subfield>
  </datafield>
  <datafield tag="650" ind1=" " ind2="0">
    <subfield code="a">Murder</subfield>
    <subfield code="x">Investigation</subfield>
    <subfield code="z">Australia</subfield>
    <subfield code="z">New South Wales.</subfield>
  </datafield>
  <datafield tag="650" ind1=" " ind2="0">
    <subfield code="a">Murder victims</subfield>
    <subfield code="z">Australia</subfield>
    <subfield code="z">New South Wales.</subfield>
  </datafield>
  <datafield tag="650" ind1=" " ind2="0">
    <subfield code="a">Trials (Murder)</subfield>
    <subfield code="z">Australia</subfield>
    <subfield code="z">Sydney (N.S.W.)</subfield>
  </datafield>
  <datafield tag="700" ind1="1" ind2=" ">
    <subfield code="a">Foster, Jason K,</subfield>
    <subfield code="e">author.</subfield>
  </datafield>
</record>