
<record>
  <leader>03670cem a2200721 i 4500</leader>
  <controlfield tag="001">18993799</controlfield>
  <controlfield tag="005">20200102114750.0</controlfield>
  <controlfield tag="007">ad canzn</controlfield>
  <controlfield tag="008">160229s2012    cc a      e     0   chi  </controlfield>
  <datafield tag="906" ind1=" " ind2=" ">
    <subfield code="a">7</subfield>
    <subfield code="b">cbc</subfield>
    <subfield code="c">orignew</subfield>
    <subfield code="d">u</subfield>
    <subfield code="e">ncip</subfield>
    <subfield code="f">20</subfield>
    <subfield code="g">y-geogmaps</subfield>
  </datafield>
  <datafield tag="925" ind1="0" ind2=" ">
    <subfield code="a">acquire</subfield>
    <subfield code="b">1 shelf copy</subfield>
    <subfield code="x">policy default</subfield>
  </datafield>
  <datafield tag="955" ind1=" " ind2=" ">
    <subfield code="a">CNP to LC 2013-08-02</subfield>
    <subfield code="b">cc03 2015-08-24 z-processor JACKPHY</subfield>
    <subfield code="i">cc 03 2015-08-24 to Asian; ga37 2016-02-29 sent to CMT</subfield>
    <subfield code="w">xm08 2016-03-16 (telework)</subfield>
  </datafield>
  <datafield tag="010" ind1=" " ind2=" ">
    <subfield code="a">  2016587537</subfield>
    <subfield code="z">  2012484266</subfield>
  </datafield>
  <datafield tag="020" ind1=" " ind2=" ">
    <subfield code="a">9787562525202</subfield>
  </datafield>
  <datafield tag="020" ind1=" " ind2=" ">
    <subfield code="a">756252520X</subfield>
  </datafield>
  <datafield tag="034" ind1="0" ind2=" ">
    <subfield code="a">a</subfield>
  </datafield>
  <datafield tag="035" ind1=" " ind2=" ">
    <subfield code="a">(OCoLC)ocn854882180</subfield>
  </datafield>
  <datafield tag="040" ind1=" " ind2=" ">
    <subfield code="a">LNN</subfield>
    <subfield code="b">eng</subfield>
    <subfield code="e">rda</subfield>
    <subfield code="c">LNN</subfield>
    <subfield code="d">HUA</subfield>
    <subfield code="d">OCLCO</subfield>
    <subfield code="d">DLC</subfield>
  </datafield>
  <datafield tag="042" ind1=" " ind2=" ">
    <subfield code="a">lccopycat</subfield>
  </datafield>
  <datafield tag="050" ind1="0" ind2="0">
    <subfield code="a">G2308.T5C5</subfield>
    <subfield code="b">D5 2012a</subfield>
  </datafield>
  <datafield tag="052" ind1=" " ind2=" ">
    <subfield code="a">7823</subfield>
    <subfield code="b">T5</subfield>
  </datafield>
  <datafield tag="052" ind1=" " ind2=" ">
    <subfield code="a">7824</subfield>
    <subfield code="b">G6</subfield>
  </datafield>
  <datafield tag="066" ind1=" " ind2=" ">
    <subfield code="c">$1</subfield>
  </datafield>
  <datafield tag="082" ind1="0" ind2="0">
    <subfield code="a">555.1/5</subfield>
    <subfield code="2">23</subfield>
  </datafield>
  <datafield tag="110" ind1="2" ind2=" ">
    <subfield code="6">880-01</subfield>
    <subfield code="a">Di zhi kuang chan bu Chengdu di zhi kuang chan yan jiu suo,</subfield>
    <subfield code="e">editor,</subfield>
    <subfield code="e">cartographer.</subfield>
  </datafield>
  <datafield tag="880" ind1="2" ind2=" ">
    <subfield code="6">110-01/$1</subfield>
    <subfield code="a">地质矿产部成都地质矿产研究所,</subfield>
    <subfield code="e">editor,</subfield>
    <subfield code="e">cartographer.</subfield>
  </datafield>
  <datafield tag="245" ind1="1" ind2="0">
    <subfield code="6">880-02</subfield>
    <subfield code="a">Zhonghua Renmin Gongheguo qu yu di zhi diao cha bao gao.</subfield>
    <subfield code="p">Duogecuoren fu /</subfield>
    <subfield code="c">bian xie dan wei Chengdu di zhi kuang chan yan jiu suo ; bao gao bian xie Zhu Tongxing [and five others].</subfield>
  </datafield>
  <datafield tag="880" ind1="1" ind2="0">
    <subfield code="6">245-02/$1</subfield>
    <subfield code="a">中华人民共和国区域地质调查报告.</subfield>
    <subfield code="p">多格错仁幅 /</subfield>
    <subfield code="c">编写单位成都地质矿产研究所 ; 报告编写朱同兴 [and five others].</subfield>
  </datafield>
  <datafield tag="246" ind1="3" ind2="0">
    <subfield code="6">880-03</subfield>
    <subfield code="a">Duogecuoren fu</subfield>
  </datafield>
  <datafield tag="880" ind1="3" ind2="0">
    <subfield code="6">246-03/$1</subfield>
    <subfield code="a">多格错仁幅</subfield>
  </datafield>
  <datafield tag="250" ind1=" " ind2=" ">
    <subfield code="6">880-04</subfield>
    <subfield code="a">Di 1 ban.</subfield>
  </datafield>
  <datafield tag="880" ind1=" " ind2=" ">
    <subfield code="6">250-04/$1</subfield>
    <subfield code="a">第1版.</subfield>
  </datafield>
  <datafield tag="255" ind1=" " ind2=" ">
    <subfield code="a">Scales differ.</subfield>
  </datafield>
  <datafield tag="264" ind1=" " ind2="1">
    <subfield code="6">880-05</subfield>
    <subfield code="a">Beijing Shi :</subfield>
    <subfield code="b">Zhongguo di zhi da xue chu ban she,</subfield>
    <subfield code="c">2012.</subfield>
  </datafield>
  <datafield tag="880" ind1=" " ind2="1">
    <subfield code="6">264-05/$1</subfield>
    <subfield code="a">武汉市 :</subfield>
    <subfield code="b">中国地质大学出版社,</subfield>
    <subfield code="c">2012.</subfield>
  </datafield>
  <datafield tag="300" ind1=" " ind2=" ">
    <subfield code="a">1 atlas (218 pages, 7 unnumbered pages of plates) :</subfield>
    <subfield code="b">illustrations (some color), maps (some color) ;</subfield>
    <subfield code="c">30 cm +</subfield>
    <subfield code="e">1 sheet map.</subfield>
  </datafield>
  <datafield tag="336" ind1=" " ind2=" ">
    <subfield code="a">cartographic image</subfield>
    <subfield code="b">cri</subfield>
    <subfield code="2">rdacontent</subfield>
  </datafield>
  <datafield tag="337" ind1=" " ind2=" ">
    <subfield code="a">unmediated</subfield>
    <subfield code="b">n</subfield>
    <subfield code="2">rdamedia</subfield>
  </datafield>
  <datafield tag="338" ind1=" " ind2=" ">
    <subfield code="a">volume</subfield>
    <subfield code="b">nc</subfield>
    <subfield code="2">rdacarrier</subfield>
  </datafield>
  <datafield tag="490" ind1="0" ind2=" ">
    <subfield code="6">880-06</subfield>
    <subfield code="a">Zhongguo di zhi diao cha ju Qing Zang Gaoyuan 1:25 wan qu yu di zhi diao cha cheng guo xi lie</subfield>
  </datafield>
  <datafield tag="880" ind1="0" ind2=" ">
    <subfield code="6">490-06/$1</subfield>
    <subfield code="a">中国地质调查局青藏高原1:25万区域地质调查成果系列</subfield>
  </datafield>
  <datafield tag="500" ind1=" " ind2=" ">
    <subfield code="6">880-07</subfield>
    <subfield code="a">Title of accompanied map: Zhonghua Renmin Gongheguo di zhi tu. Duogecuoren fu.</subfield>
  </datafield>
  <datafield tag="880" ind1=" " ind2=" ">
    <subfield code="6">500-07/$1</subfield>
    <subfield code="a">Title of accompanied map: 中华人民共和国地质图. 多格错仁幅.</subfield>
  </datafield>
  <datafield tag="500" ind1=" " ind2=" ">
    <subfield code="a">Relief shown by contours.</subfield>
  </datafield>
  <datafield tag="500" ind1=" " ind2=" ">
    <subfield code="6">880-08</subfield>
    <subfield code="a">Xizang 1:25 wan Duogecuoren fu qu yu di zhi diao cha; project no.: 20313000021.</subfield>
  </datafield>
  <datafield tag="880" ind1=" " ind2=" ">
    <subfield code="6">500-08/$1</subfield>
    <subfield code="a">西藏1:25万多格错仁幅区域地质调查; project no.: 20313000021.</subfield>
  </datafield>
  <datafield tag="500" ind1=" " ind2=" ">
    <subfield code="a">&quot;I45C002004.&quot;</subfield>
  </datafield>
  <datafield tag="504" ind1=" " ind2=" ">
    <subfield code="a">Includes bibliographical references.</subfield>
  </datafield>
  <datafield tag="650" ind1=" " ind2="0">
    <subfield code="a">Geology</subfield>
    <subfield code="z">China</subfield>
    <subfield code="z">Tibet Autonomous Region</subfield>
    <subfield code="v">Maps.</subfield>
  </datafield>
  <datafield tag="650" ind1=" " ind2="0">
    <subfield code="a">Geology</subfield>
    <subfield code="z">China</subfield>
    <subfield code="z">Golmud Shi</subfield>
    <subfield code="v">Maps.</subfield>
  </datafield>
  <datafield tag="651" ind1=" " ind2="0">
    <subfield code="6">880-10</subfield>
    <subfield code="a">Golmud Shi (China)</subfield>
    <subfield code="v">Maps.</subfield>
  </datafield>
  <datafield tag="880" ind1=" " ind2="4">
    <subfield code="6">651-10/$1</subfield>
    <subfield code="a">格尔木市 (China)</subfield>
    <subfield code="v">Maps.</subfield>
  </datafield>
  <datafield tag="655" ind1=" " ind2="7">
    <subfield code="a">Atlases.</subfield>
    <subfield code="2">lcgft</subfield>
  </datafield>
  <datafield tag="655" ind1=" " ind2="7">
    <subfield code="a">Geological maps.</subfield>
    <subfield code="2">lcgft</subfield>
  </datafield>
  <datafield tag="655" ind1=" " ind2="7">
    <subfield code="a">Maps.</subfield>
    <subfield code="2">lcgft</subfield>
  </datafield>
  <datafield tag="700" ind1="1" ind2=" ">
    <subfield code="6">880-11</subfield>
    <subfield code="a">Zhu, Tongxing,</subfield>
    <subfield code="e">editor.</subfield>
  </datafield>
  <datafield tag="880" ind1="1" ind2=" ">
    <subfield code="6">700-11/$1</subfield>
    <subfield code="a">朱同兴,</subfield>
    <subfield code="e">editor.</subfield>
  </datafield>
  <datafield tag="740" ind1="0" ind2="2">
    <subfield code="6">880-12</subfield>
    <subfield code="a">Zhonghua Renmin Gongheguo di zhi tu.</subfield>
    <subfield code="p">Duogecuoren fu.</subfield>
  </datafield>
  <datafield tag="880" ind1="0" ind2="2">
    <subfield code="6">740-12/$1</subfield>
    <subfield code="a">中华人民共和国地质图.</subfield>
    <subfield code="p">多格错仁幅.</subfield>
  </datafield>
  <datafield tag="773" ind1="0" ind2="8">
    <subfield code="i">Contained in (work) :</subfield>
    <subfield code="t">Zhonghua Renmin Gongheguo di zhi tu</subfield>
    <subfield code="d">Wuhan Shi : Zhongguo di zhi da xue chu ban she, 2010-</subfield>
    <subfield code="h">maps : color ; 45 x 57 cm or smaller</subfield>
    <subfield code="w">(DLC) 2019588356</subfield>
  </datafield>
  <datafield tag="923" ind1=" " ind2=" ">
    <subfield code="d">20130723</subfield>
    <subfield code="n">T201300757</subfield>
    <subfield code="s">CNP</subfield>
  </datafield>
  <datafield tag="952" ind1=" " ind2=" ">
    <subfield code="a">Filed as map under G7822.T54C5 s250 .Z5. Text filed under: G7822.T54C5 s250 .Z5 Shelf</subfield>
  </datafield>
  <datafield tag="985" ind1=" " ind2=" ">
    <subfield code="a">CNP load</subfield>
    <subfield code="d">2013-08-02</subfield>
  </datafield>
</record>