
<record>
  <leader>03776cam a2200505 i 4500</leader>
  <controlfield tag="001">19023836</controlfield>
  <controlfield tag="005">20200102133053.0</controlfield>
  <controlfield tag="008">160321s2015    is       b    001 0 heb  </controlfield>
  <datafield tag="906" ind1=" " ind2=" ">
    <subfield code="a">7</subfield>
    <subfield code="b">cbc</subfield>
    <subfield code="c">origres</subfield>
    <subfield code="d">2</subfield>
    <subfield code="e">ncip</subfield>
    <subfield code="f">20</subfield>
    <subfield code="g">y-nonroman</subfield>
  </datafield>
  <datafield tag="925" ind1="0" ind2=" ">
    <subfield code="a">acquire</subfield>
    <subfield code="b">1 shelf copy</subfield>
    <subfield code="x">policy default</subfield>
  </datafield>
  <datafield tag="955" ind1=" " ind2=" ">
    <subfield code="b">th87 2016-03-21 z-processor JACKPHY to cd00;</subfield>
    <subfield code="a">cd00 2016-03-21 to ASME/IJ;</subfield>
    <subfield code="a">cd23 2018-06-27 to cd23 for full cat.;</subfield>
    <subfield code="i">cd23 2018-06-29 telework to Hebraic shelves;</subfield>
    <subfield code="a">cd23 2020-01-02 telework Bibframe ymey</subfield>
  </datafield>
  <datafield tag="010" ind1=" " ind2=" ">
    <subfield code="a">  2016379374</subfield>
  </datafield>
  <datafield tag="040" ind1=" " ind2=" ">
    <subfield code="a">DLC</subfield>
    <subfield code="b">eng</subfield>
    <subfield code="e">rda</subfield>
    <subfield code="c">DLC</subfield>
  </datafield>
  <datafield tag="042" ind1=" " ind2=" ">
    <subfield code="a">pcc</subfield>
  </datafield>
  <datafield tag="050" ind1="0" ind2="0">
    <subfield code="a">BM522.A1</subfield>
    <subfield code="b">K364 2015</subfield>
  </datafield>
  <datafield tag="066" ind1=" " ind2=" ">
    <subfield code="c">(2</subfield>
  </datafield>
  <datafield tag="100" ind1="1" ind2=" ">
    <subfield code="6">880-01</subfield>
    <subfield code="a">Ḳanevsḳi, Sh. Y. Ḥ. ben Y. Y.</subfield>
    <subfield code="q">(Shemaryahu Yosef Ḥayim ben Y. Y.),</subfield>
    <subfield code="e">author.</subfield>
  </datafield>
  <datafield tag="880" ind1="1" ind2=" ">
    <subfield code="6">100-01/(2/r‏</subfield>
    <subfield code="a">קנבסקי, ש. י. ח. בן י.י.</subfield>
    <subfield code="q">(שמריהו יוסף חיים בן י.י.)</subfield>
  </datafield>
  <datafield tag="240" ind1="1" ind2="0">
    <subfield code="a">Responsa.</subfield>
    <subfield code="k">Selections</subfield>
  </datafield>
  <datafield tag="245" ind1="1" ind2="0">
    <subfield code="6">880-02</subfield>
    <subfield code="a">Sefer ha-Mikhtavim Teshuvah me-ahavah :</subfield>
    <subfield code="b">mikhtave ḳodesh : maśa u-matan ratsuf ahavah ḥidushim u-veʼurim ḳushyot ṿe-terutsim be-khol miḳtsoʻot ha-Torah /</subfield>
    <subfield code="c">teshuvot maran śar ha-Torah ha-Graḥ Ḳanevsḳi, sheliṭa, ʻal mikhtave kevod rabenu ha-Gra Nebentsal, sheliṭa, mara de-atra deha-ʻir ha-ʻatiḳah Yerushlaim, t.ṿ.b.b.a.</subfield>
  </datafield>
  <datafield tag="880" ind1="1" ind2="0">
    <subfield code="6">245-02/(2/r‏</subfield>
    <subfield code="a">‏ספר המכתבים תשובה מאהבה :‏</subfield>
    <subfield code="b">‏מכתבי קדש : משא ומתן רצוף אהבה, חידושים וביאורים, קושיות ותירוצים בכל מקצועות התורה /</subfield>
    <subfield code="c">תשובות מרן שר התורה הגר&quot;ח קניבסקי, שליט&quot;א, על מכתבי כבוד רבינו הגר&quot;א נבנצל, שליט&quot;א, מרא דאתרא דהעיר העתיקה ירושלם, תובב&quot;א.</subfield>
  </datafield>
  <datafield tag="246" ind1="1" ind2="7">
    <subfield code="6">880-03</subfield>
    <subfield code="a">Teshuvah me-ahavah</subfield>
  </datafield>
  <datafield tag="880" ind1="1" ind2="7">
    <subfield code="6">246-03/(2/r‏</subfield>
    <subfield code="a">‏תשובה מאהבה</subfield>
  </datafield>
  <datafield tag="246" ind1="1" ind2="8">
    <subfield code="6">880-04</subfield>
    <subfield code="a">Ḥilufe mikhtavim :</subfield>
    <subfield code="b">maran ha-Graḥ, sheliṭa, ṿe-Rabenu ha-Gra Nebentsal, sheliṭa</subfield>
  </datafield>
  <datafield tag="880" ind1="1" ind2="8">
    <subfield code="6">246-04/(2/r‏</subfield>
    <subfield code="a">‏חילופי מכתבים :‏</subfield>
    <subfield code="b">‏מרן הגר&quot;ח קניבסקי, שליט&quot;א, ורבינו הגר&quot;א נבמצל, שליט&quot;א</subfield>
  </datafield>
  <datafield tag="264" ind1=" " ind2="1">
    <subfield code="6">880-05</subfield>
    <subfield code="a">[Yerushalayim] :</subfield>
    <subfield code="b">[Mishpaḥat Nebentsal],</subfield>
    <subfield code="c">[775, that is, 2015]</subfield>
  </datafield>
  <datafield tag="880" ind1=" " ind2="1">
    <subfield code="6">264-05/(2/r‏</subfield>
    <subfield code="a">‏[ירושלים] :‏</subfield>
    <subfield code="b">‏[משפחת נבנצל],‏</subfield>
    <subfield code="c">[תשע&quot;ה]‬</subfield>
  </datafield>
  <datafield tag="300" ind1=" " ind2=" ">
    <subfield code="a">565 pages ;</subfield>
    <subfield code="c">26 cm</subfield>
  </datafield>
  <datafield tag="336" ind1=" " ind2=" ">
    <subfield code="a">text</subfield>
    <subfield code="b">txt</subfield>
    <subfield code="2">rdacontent</subfield>
  </datafield>
  <datafield tag="337" ind1=" " ind2=" ">
    <subfield code="a">unmediated</subfield>
    <subfield code="b">n</subfield>
    <subfield code="2">rdamedia</subfield>
  </datafield>
  <datafield tag="338" ind1=" " ind2=" ">
    <subfield code="a">volume</subfield>
    <subfield code="b">nc</subfield>
    <subfield code="2">rdacarrier</subfield>
  </datafield>
  <datafield tag="500" ind1=" " ind2=" ">
    <subfield code="6">880-06</subfield>
    <subfield code="a">&quot;Me-aḥar she-divre rabotenu sheliṭa baʼu bi-ḳetsarah ṿe-khimʼat bi-remazim, biḳashnu me-et ha-gaʼon R. Shimʻon Ba-Gad, sheliṭa, ... le-vaʼer et ha-mikhtavim, ule-haʻalot ha-devarim lifne ha-ḳore be-tsurah she-yukhal le-havin, le-harḥiv, le-ʻayen ule-falpel ...&quot;--Page 15.</subfield>
  </datafield>
  <datafield tag="880" ind1=" " ind2=" ">
    <subfield code="6">500-06/(2/r‏</subfield>
    <subfield code="a">‏&quot;מאחר שדברי רבותינו שליט&quot;א באו בקצרה וכמעט ברמזים, ביקשנו מאת הגאון ר&apos; שמעון בא-גד, שליט&quot;א, ... לבאר את המכתבים, ולהעלות הדברים לפני הקורא בצורה שיוכל להבין, להרחיב, לעיין ולפלפל ...&quot;--Page 15.</subfield>
  </datafield>
  <datafield tag="504" ind1=" " ind2=" ">
    <subfield code="a">Includes bibliographical references and index.</subfield>
  </datafield>
  <datafield tag="600" ind1="1" ind2="0">
    <subfield code="a">Ḳanevsḳi, Sh. Y. Ḥ. ben Y. Y.</subfield>
    <subfield code="q">(Shemaryahu Yosef Ḥayim ben Y. Y.)</subfield>
    <subfield code="v">Correspondence.</subfield>
  </datafield>
  <datafield tag="600" ind1="1" ind2="0">
    <subfield code="a">Nebentsal, Avigdor,</subfield>
    <subfield code="c">ha-Leṿi</subfield>
    <subfield code="v">Correspondence.</subfield>
  </datafield>
  <datafield tag="650" ind1=" " ind2="0">
    <subfield code="a">Responsa</subfield>
    <subfield code="y">1948-</subfield>
  </datafield>
  <datafield tag="650" ind1=" " ind2="0">
    <subfield code="a">Jewish law.</subfield>
  </datafield>
  <datafield tag="650" ind1=" " ind2="0">
    <subfield code="a">Judaism</subfield>
    <subfield code="x">Customs and practices.</subfield>
  </datafield>
  <datafield tag="650" ind1=" " ind2="0">
    <subfield code="a">Rabbis</subfield>
    <subfield code="z">Israel</subfield>
    <subfield code="v">Correspondence.</subfield>
  </datafield>
  <datafield tag="700" ind1="1" ind2=" ">
    <subfield code="6">880-07</subfield>
    <subfield code="a">Nebentsal, Avigdor,</subfield>
    <subfield code="c">ha-Leṿi,</subfield>
    <subfield code="e">author.</subfield>
  </datafield>
  <datafield tag="880" ind1="1" ind2=" ">
    <subfield code="6">700-07/(2/r‏</subfield>
    <subfield code="a">‏נבנצל, אביגדור,</subfield>
    <subfield code="c">הלוי.</subfield>
  </datafield>
  <datafield tag="700" ind1="1" ind2=" ">
    <subfield code="6">880-08</subfield>
    <subfield code="a">Ba-Gad, Shimʻon,</subfield>
    <subfield code="e">editor.</subfield>
  </datafield>
  <datafield tag="880" ind1="1" ind2=" ">
    <subfield code="6">700-08/(2/r‏</subfield>
    <subfield code="a">‏בא-גד, שמעון.</subfield>
  </datafield>
  <datafield tag="985" ind1=" " ind2=" ">
    <subfield code="a">BibframePilot2</subfield>
    <subfield code="e">20180504</subfield>
  </datafield>
</record>