
<record>
  <leader>02562cam a2200445 i 4500</leader>
  <controlfield tag="001">19112564</controlfield>
  <controlfield tag="005">20200102114620.0</controlfield>
  <controlfield tag="008">160326m20169999is       b    000 0 heb  </controlfield>
  <datafield tag="906" ind1=" " ind2=" ">
    <subfield code="a">7</subfield>
    <subfield code="b">cbc</subfield>
    <subfield code="c">origres</subfield>
    <subfield code="d">2</subfield>
    <subfield code="e">ncip</subfield>
    <subfield code="f">20</subfield>
    <subfield code="g">y-nonroman</subfield>
  </datafield>
  <datafield tag="925" ind1="0" ind2=" ">
    <subfield code="a">acquire</subfield>
    <subfield code="b">1 shelf copy</subfield>
    <subfield code="x">policy default</subfield>
  </datafield>
  <datafield tag="955" ind1=" " ind2=" ">
    <subfield code="b">Vendor load;</subfield>
    <subfield code="a">th87 2016-11-01 added LCCN, holdings and item records to cd00;</subfield>
    <subfield code="a">cd00 2016-11-01 to ASME/IJ;</subfield>
    <subfield code="a">cd23 2018-07-03 to cd23 for full cat.;</subfield>
    <subfield code="i">cd23 2018-07-13 telework to Hebraic shelves ;</subfield>
    <subfield code="c">cd06 2019-02-07 added (vol. 2) to Hebraic Section;</subfield>
    <subfield code="a">cd23 2020-01-02 telework Bibframe ymey</subfield>
  </datafield>
  <datafield tag="010" ind1=" " ind2=" ">
    <subfield code="a">  2016469855</subfield>
  </datafield>
  <datafield tag="020" ind1=" " ind2=" ">
    <subfield code="a">9789659166725 (vol. 1)</subfield>
  </datafield>
  <datafield tag="020" ind1=" " ind2=" ">
    <subfield code="a">9789659166749 (vol. 2)</subfield>
  </datafield>
  <datafield tag="035" ind1=" " ind2=" ">
    <subfield code="a">(IsJeAIW)wb2016413504</subfield>
  </datafield>
  <datafield tag="040" ind1=" " ind2=" ">
    <subfield code="a">DLC</subfield>
    <subfield code="b">eng</subfield>
    <subfield code="e">rda</subfield>
    <subfield code="c">DLC</subfield>
  </datafield>
  <datafield tag="042" ind1=" " ind2=" ">
    <subfield code="a">pcc</subfield>
  </datafield>
  <datafield tag="050" ind1="0" ind2="0">
    <subfield code="a">BF1714.J4</subfield>
    <subfield code="b">F57 2016</subfield>
  </datafield>
  <datafield tag="066" ind1=" " ind2=" ">
    <subfield code="c">(2</subfield>
  </datafield>
  <datafield tag="100" ind1="1" ind2=" ">
    <subfield code="6">880-01</subfield>
    <subfield code="a">Fisher, Eliʻezer,</subfield>
    <subfield code="c">ha-Kohen,</subfield>
    <subfield code="e">author.</subfield>
  </datafield>
  <datafield tag="880" ind1="1" ind2=" ">
    <subfield code="6">100-01/(2/r‏</subfield>
    <subfield code="a">‏פישר, אליעזר,‏</subfield>
    <subfield code="c">‏הכהן.</subfield>
  </datafield>
  <datafield tag="240" ind1="1" ind2="0">
    <subfield code="a">Itsṭagninut be-aspaḳlaryah shel Torah</subfield>
  </datafield>
  <datafield tag="245" ind1="1" ind2="0">
    <subfield code="6">880-02</subfield>
    <subfield code="a">Sefer ha-Itsṭagninut be-aspaḳlaryah shel Torah :</subfield>
    <subfield code="b">otsar divre Ḥazal ṿeha-ḳadmonim, zal, be-ʻinyene ha-mazalot u-midat hashpaʻatam ʻal ʻam Yiśraʼel /</subfield>
    <subfield code="c">Eliʻezer ha-Kohen Fisher ben la-a. a.m. ṿe-r. ha-rav R. Reʼuven Ḥayim ha-Kohen Fisher, zatsal.</subfield>
  </datafield>
  <datafield tag="880" ind1="1" ind2="0">
    <subfield code="6">245-02/(2/r‏</subfield>
    <subfield code="a">‏ספר האיצטגנינות באספקלריה של תורה :‏</subfield>
    <subfield code="b">‏אוצר דברי חז״ל והקדמונים, ז&quot;ל, בענייני המזלות ומידת השפעתם על עם ישראל /‏</subfield>
    <subfield code="c">‏אליעזר הכהן פישר בן לאאמו&quot;ר הרב ר&apos; ראובן חיים הכהן פישר, זצ&quot;ל.</subfield>
  </datafield>
  <datafield tag="246" ind1="3" ind2="0">
    <subfield code="6">880-03</subfield>
    <subfield code="a">Itsṭagninut be-aspaḳlaryah shel Torah</subfield>
  </datafield>
  <datafield tag="880" ind1="3" ind2="0">
    <subfield code="6">246-03/(2/r‏</subfield>
    <subfield code="a">‏איצטגנינות באספקלריה של תורה</subfield>
  </datafield>
  <datafield tag="246" ind1="1" ind2="7">
    <subfield code="6">880-04</subfield>
    <subfield code="a">ha-Itsṭagninut be-aspaḳlaryah shel Torah</subfield>
  </datafield>
  <datafield tag="880" ind1="1" ind2="7">
    <subfield code="6">246-04/(2/r‏</subfield>
    <subfield code="a">‏האיצטגנינות באספקלריה של תורה</subfield>
  </datafield>
  <datafield tag="264" ind1=" " ind2="1">
    <subfield code="6">880-05</subfield>
    <subfield code="a">Yerushalayim :</subfield>
    <subfield code="b">Eliezer Fisher Ltd.,</subfield>
    <subfield code="c">5776-&lt;5778&gt; [2016-&lt;2018&gt;]</subfield>
  </datafield>
  <datafield tag="880" ind1=" " ind2="1">
    <subfield code="6">264-05/(2/r‏</subfield>
    <subfield code="a">‏ירושלים :‏</subfield>
    <subfield code="b">‏‪Eliezer Fisher Ltd.,‬‏</subfield>
    <subfield code="c">‏התשע&quot;ו-&lt;התשע&quot;ח&gt;</subfield>
  </datafield>
  <datafield tag="300" ind1=" " ind2=" ">
    <subfield code="a">volumes ;</subfield>
    <subfield code="c">30 cm</subfield>
  </datafield>
  <datafield tag="336" ind1=" " ind2=" ">
    <subfield code="a">text</subfield>
    <subfield code="b">txt</subfield>
    <subfield code="2">rdacontent</subfield>
  </datafield>
  <datafield tag="337" ind1=" " ind2=" ">
    <subfield code="a">unmediated</subfield>
    <subfield code="b">n</subfield>
    <subfield code="2">rdamedia</subfield>
  </datafield>
  <datafield tag="338" ind1=" " ind2=" ">
    <subfield code="a">volume</subfield>
    <subfield code="b">nc</subfield>
    <subfield code="2">rdacarrier</subfield>
  </datafield>
  <datafield tag="504" ind1=" " ind2=" ">
    <subfield code="a">Includes bibliographical references.</subfield>
  </datafield>
  <datafield tag="650" ind1=" " ind2="0">
    <subfield code="a">Jewish astrology.</subfield>
  </datafield>
  <datafield tag="923" ind1=" " ind2=" ">
    <subfield code="d">20160517</subfield>
    <subfield code="n">27970</subfield>
    <subfield code="s">IsJeAIW</subfield>
  </datafield>
  <datafield tag="952" ind1=" " ind2=" ">
    <subfield code="a">Vol. 1: 440 pages ; Vol. 2: 351 pages ;</subfield>
  </datafield>
  <datafield tag="985" ind1=" " ind2=" ">
    <subfield code="e">VENDOR LOAD</subfield>
  </datafield>
  <datafield tag="985" ind1=" " ind2=" ">
    <subfield code="a">BibframePilot2</subfield>
    <subfield code="e">20180504</subfield>
  </datafield>
</record>