
<record>
  <leader>03908cam a22004091i 4500</leader>
  <controlfield tag="001">19139945</controlfield>
  <controlfield tag="005">20200102140218.0</controlfield>
  <controlfield tag="008">160617s2014    be       b    000 0 eng d</controlfield>
  <datafield tag="906" ind1=" " ind2=" ">
    <subfield code="a">7</subfield>
    <subfield code="b">cbc</subfield>
    <subfield code="c">orignew</subfield>
    <subfield code="d">2</subfield>
    <subfield code="e">ncip</subfield>
    <subfield code="f">20</subfield>
    <subfield code="g">y-gencatlg</subfield>
  </datafield>
  <datafield tag="925" ind1="0" ind2=" ">
    <subfield code="a">acquire</subfield>
    <subfield code="b">1 shelf copy</subfield>
    <subfield code="x">policy default</subfield>
  </datafield>
  <datafield tag="955" ind1=" " ind2=" ">
    <subfield code="b">re06 2019-10-23 z-processor</subfield>
    <subfield code="i">re06 2020-01-02 (telework)</subfield>
  </datafield>
  <datafield tag="010" ind1=" " ind2=" ">
    <subfield code="a">  2016302766</subfield>
  </datafield>
  <datafield tag="020" ind1=" " ind2=" ">
    <subfield code="a">9782875741356</subfield>
    <subfield code="q">(pbk.)</subfield>
  </datafield>
  <datafield tag="035" ind1=" " ind2=" ">
    <subfield code="a">(OCoLC)ocn873517833</subfield>
  </datafield>
  <datafield tag="040" ind1=" " ind2=" ">
    <subfield code="a">OHX</subfield>
    <subfield code="b">eng</subfield>
    <subfield code="c">OHX</subfield>
    <subfield code="e">rda</subfield>
    <subfield code="d">OCLCO</subfield>
    <subfield code="d">YDXCP</subfield>
    <subfield code="d">NDD</subfield>
    <subfield code="d">ZCU</subfield>
    <subfield code="d">QGK</subfield>
    <subfield code="d">OCLCF</subfield>
    <subfield code="d">OCLCQ</subfield>
    <subfield code="d">BTCTA</subfield>
    <subfield code="d">CDX</subfield>
    <subfield code="d">UNBCA</subfield>
    <subfield code="d">NLGGC</subfield>
    <subfield code="d">OCLCA</subfield>
    <subfield code="d">FIE</subfield>
    <subfield code="d">CNUTO</subfield>
    <subfield code="d">OCLCQ</subfield>
    <subfield code="d">DLC</subfield>
  </datafield>
  <datafield tag="042" ind1=" " ind2=" ">
    <subfield code="a">lccopycat</subfield>
  </datafield>
  <datafield tag="072" ind1=" " ind2="7">
    <subfield code="a">D</subfield>
    <subfield code="2">lcco</subfield>
  </datafield>
  <datafield tag="072" ind1=" " ind2="7">
    <subfield code="a">JN</subfield>
    <subfield code="2">lcco</subfield>
  </datafield>
  <datafield tag="082" ind1="0" ind2="4">
    <subfield code="a">327.4</subfield>
    <subfield code="2">23</subfield>
  </datafield>
  <datafield tag="050" ind1="0" ind2="0">
    <subfield code="a">JZ1570</subfield>
    <subfield code="b">.E9315 2014</subfield>
  </datafield>
  <datafield tag="245" ind1="0" ind2="4">
    <subfield code="a">The European communities and the world :</subfield>
    <subfield code="b">a historical perspective /</subfield>
    <subfield code="c">Giuliana Laschi (ed.).</subfield>
  </datafield>
  <datafield tag="246" ind1="1" ind2="4">
    <subfield code="a">European community and the world :</subfield>
    <subfield code="b">a historical perspective</subfield>
  </datafield>
  <datafield tag="264" ind1=" " ind2="1">
    <subfield code="a">Brussels, Belgium :</subfield>
    <subfield code="b">P.I.E. Peter Lang,</subfield>
    <subfield code="c">2014.</subfield>
  </datafield>
  <datafield tag="300" ind1=" " ind2=" ">
    <subfield code="a">182 pages ;</subfield>
    <subfield code="c">22 cm.</subfield>
  </datafield>
  <datafield tag="336" ind1=" " ind2=" ">
    <subfield code="a">text</subfield>
    <subfield code="b">txt</subfield>
    <subfield code="2">rdacontent</subfield>
  </datafield>
  <datafield tag="337" ind1=" " ind2=" ">
    <subfield code="a">unmediated</subfield>
    <subfield code="b">n</subfield>
    <subfield code="2">rdamedia</subfield>
  </datafield>
  <datafield tag="338" ind1=" " ind2=" ">
    <subfield code="a">volume</subfield>
    <subfield code="b">nc</subfield>
    <subfield code="2">rdacarrier</subfield>
  </datafield>
  <datafield tag="490" ind1="1" ind2=" ">
    <subfield code="a">Euroclio. Etudes et documents,</subfield>
    <subfield code="x">0944-2294 ;</subfield>
    <subfield code="v">no. 81</subfield>
  </datafield>
  <datafield tag="500" ind1=" " ind2=" ">
    <subfield code="a">8 English, 4 French contributions.</subfield>
  </datafield>
  <datafield tag="504" ind1=" " ind2=" ">
    <subfield code="a">Includes bibliographical references.</subfield>
  </datafield>
  <datafield tag="520" ind1=" " ind2=" ">
    <subfield code="a">The European Community (EC) has taken on an outward-looking dimension over the years since its first establishment, developing structures and tools which are unprecedented in the history of international relations. The original signatories of the Treaty of Rome accepted the idea of a ±little¿ Europe only as a first step towards something that would be much bigger and more powerful; ultimately, they wanted to provide the EC with the international power necessary to realize the idea of the common market. It is not possible to properly define the EC&apos;s actions towards the rest of the world as ±foreign policy¿ in every case and at every stage of its history; nevertheless, the EC has undoubtedly always played a strong and significant international role, even if this role has been expressed in an unconventional way compared to the international system. This volume on European spaces and borders provides a meeting-point for a number of very different analyses and interpretations, from a variety of disciplinary, chronological and geopolitical perspectives, and in so doing develops a rich and complex debate --</subfield>
    <subfield code="c">Provided by Publisher.</subfield>
  </datafield>
  <datafield tag="505" ind1="0" ind2=" ">
    <subfield code="a">Giuliana Laschi: The European Communities and the World: A Historical Perspective. Introductory Remarks. Giuliana Laschi : Élargissement contre le rideau de fer. Un outil efficace mis à l&apos;épreuve. Carlos Eduardo Pacheco Amaral: Insularity and Europe of the Islands. Isabel Maria Freitas Valente : Les Régions ultrapériphériques de l&apos;Union européenne. Contexte, évaluation et perspectives. Fabio Casini: The Information Policy. How the European Communities presented themselves abroad (1952-1967). Alessandra Bitumi : Le PVCE : les relations extérieures de la CE comme vecteur d&apos;identité. Gerd Morgenthaler: The Legal Status of the Caspian Sea and the EU&apos;s Foreign Policy in the Region. Raphaela Averkorn: Europe and Chile. The Case of Patagonia (1870-1914). Cristina Blanco Sío-López: Instrumental Bridges or Fruitful Ties? Spain&apos;s Role in the Consolidation of an EU-Latin America Partnership. Paulina Astroza Suarez : Relations UE -- Amérique latine. Une relation insérée dans un contexte en mutation. Gian Luca Gardini: Latin America and Europe. Regional Fragmentation v. Regional Convergence. A Comparative View. Marta Quintussi: EU-India Relations. Partners for Development?</subfield>
  </datafield>
  <datafield tag="610" ind1="2" ind2="0">
    <subfield code="a">European Union</subfield>
    <subfield code="x">History.</subfield>
  </datafield>
  <datafield tag="610" ind1="2" ind2="7">
    <subfield code="a">European Union.</subfield>
    <subfield code="2">fast</subfield>
    <subfield code="0">(OCoLC)fst00916630</subfield>
  </datafield>
  <datafield tag="655" ind1=" " ind2="7">
    <subfield code="a">History.</subfield>
    <subfield code="2">fast</subfield>
    <subfield code="0">(OCoLC)fst01411628</subfield>
  </datafield>
  <datafield tag="700" ind1="1" ind2=" ">
    <subfield code="a">Laschi, Giuliana,</subfield>
    <subfield code="d">1962-</subfield>
  </datafield>
  <datafield tag="830" ind1=" " ind2="0">
    <subfield code="a">Euroclio.</subfield>
    <subfield code="p">Etudes et documents ;</subfield>
    <subfield code="v">no. 81.</subfield>
    <subfield code="x">0944-2294</subfield>
  </datafield>
</record>