
<record>
  <leader>02380cam a2200397 i 4500</leader>
  <controlfield tag="001">19169490</controlfield>
  <controlfield tag="005">20200102112418.0</controlfield>
  <controlfield tag="008">160530s2012    ru       b    100 0druso </controlfield>
  <datafield tag="906" ind1=" " ind2=" ">
    <subfield code="a">7</subfield>
    <subfield code="b">cbc</subfield>
    <subfield code="c">origres</subfield>
    <subfield code="d">3</subfield>
    <subfield code="e">ncip</subfield>
    <subfield code="f">20</subfield>
    <subfield code="g">y-gencatlg</subfield>
  </datafield>
  <datafield tag="925" ind1="0" ind2=" ">
    <subfield code="a">acquire</subfield>
    <subfield code="b">1 shelf copy</subfield>
    <subfield code="x">policy default</subfield>
  </datafield>
  <datafield tag="955" ind1=" " ind2=" ">
    <subfield code="b">fe15 2016-09-01 telework to cat.</subfield>
    <subfield code="a">fe00 2016-09-02 to GS/RUS</subfield>
    <subfield code="a">fe01 2019-10-21 to Music, better in M?</subfield>
    <subfield code="i">vl26 2019-12-06 telework</subfield>
    <subfield code="e">vl26 2019-12-09 c. 1 to Music Division</subfield>
    <subfield code="e">vl39 2020-01-02 to BCCD c.1</subfield>
  </datafield>
  <datafield tag="010" ind1=" " ind2=" ">
    <subfield code="a">  2016454719</subfield>
  </datafield>
  <datafield tag="020" ind1=" " ind2=" ">
    <subfield code="a">9785842809950</subfield>
    <subfield code="q">softbound</subfield>
  </datafield>
  <datafield tag="035" ind1=" " ind2=" ">
    <subfield code="a">(RuMoEVIS)ev1159065B</subfield>
  </datafield>
  <datafield tag="040" ind1=" " ind2=" ">
    <subfield code="a">DLC</subfield>
    <subfield code="b">eng</subfield>
    <subfield code="c">DLC</subfield>
    <subfield code="e">rda</subfield>
  </datafield>
  <datafield tag="042" ind1=" " ind2=" ">
    <subfield code="a">pcc</subfield>
  </datafield>
  <datafield tag="043" ind1=" " ind2=" ">
    <subfield code="a">e-ru---</subfield>
  </datafield>
  <datafield tag="050" ind1="0" ind2="0">
    <subfield code="a">MT5.S3</subfield>
    <subfield code="b">S25 2012</subfield>
  </datafield>
  <datafield tag="111" ind1="2" ind2=" ">
    <subfield code="a">Peterburgskie tradit︠s︡ii v muzykalʹnom obrazovanii i iskusstve (Conference)</subfield>
    <subfield code="d">(2012 :</subfield>
    <subfield code="c">Samara, Russia)</subfield>
  </datafield>
  <datafield tag="245" ind1="1" ind2="0">
    <subfield code="a">Peterburgskie tradit︠s︡ii v muzykalʹnom obrazovanii i iskusstve :</subfield>
    <subfield code="b">k 150-letii︠u︡ Sankt-Peterburgskoĭ gosudarstvennoĭ konservatorii im. N.A. Rimskogo-Korsakova i 215-letii︠u︡ Rossiĭskogo gosudarstvennogo pedagogicheskogo universiteta im. A.I. Gert︠s︡ena : sbornik materialov regionalʹnoĭ nauchno-prakticheskoĭ konferent︠s︡ii (13-14 dekabri︠a︡ 2012 g.) /</subfield>
    <subfield code="c">Otvetstvennyĭ redaktor: A.V. Lazanchina.</subfield>
  </datafield>
  <datafield tag="264" ind1=" " ind2="1">
    <subfield code="a">Samara :</subfield>
    <subfield code="b">Povolzhskai︠a︡ gosudarstvennai︠a︡ sot︠s︡ialʹno-gumanitarnai︠a︡ akademii︠a︡,</subfield>
    <subfield code="c">2015.</subfield>
  </datafield>
  <datafield tag="300" ind1=" " ind2=" ">
    <subfield code="a">127 pages ;</subfield>
    <subfield code="c">21 cm</subfield>
  </datafield>
  <datafield tag="336" ind1=" " ind2=" ">
    <subfield code="a">text</subfield>
    <subfield code="2">rdacontent</subfield>
  </datafield>
  <datafield tag="337" ind1=" " ind2=" ">
    <subfield code="a">unmediated</subfield>
    <subfield code="2">rdamedia</subfield>
  </datafield>
  <datafield tag="338" ind1=" " ind2=" ">
    <subfield code="a">volume</subfield>
    <subfield code="2">rdacarrier</subfield>
  </datafield>
  <datafield tag="500" ind1=" " ind2=" ">
    <subfield code="a">Materials presented at the regional scientific conference held in Samara Dec. 14-15, 2012.</subfield>
  </datafield>
  <datafield tag="504" ind1=" " ind2=" ">
    <subfield code="a">Includes bibliographical references.</subfield>
  </datafield>
  <datafield tag="650" ind1=" " ind2="0">
    <subfield code="a">Music</subfield>
    <subfield code="x">Instruction and study</subfield>
    <subfield code="z">Russia (Federation)</subfield>
    <subfield code="z">Saint Petersburg</subfield>
    <subfield code="x">History</subfield>
    <subfield code="v">Congresses.</subfield>
  </datafield>
  <datafield tag="610" ind1="2" ind2="0">
    <subfield code="a">Sankt-Peterburgskai︠a︡ gosudarstvennai︠a︡ konservatorii︠a︡ im. N.A. Rimskogo-Korsakova</subfield>
    <subfield code="x">History.</subfield>
  </datafield>
  <datafield tag="610" ind1="2" ind2="0">
    <subfield code="a">Rossiĭskiĭ gosudarstvennyĭ pedagogicheskiĭ universitet imeni A.I. Gert︠s︡ena</subfield>
    <subfield code="x">History.</subfield>
  </datafield>
  <datafield tag="655" ind1=" " ind2="7">
    <subfield code="a">Conference papers and proceedings.</subfield>
    <subfield code="2">lcgft</subfield>
  </datafield>
  <datafield tag="653" ind1="0" ind2=" ">
    <subfield code="a">Literature on music.</subfield>
  </datafield>
  <datafield tag="700" ind1="1" ind2=" ">
    <subfield code="a">Lazanchina, A. V.</subfield>
    <subfield code="q">(Anna Vasilʹevna),</subfield>
    <subfield code="e">editor.</subfield>
  </datafield>
  <datafield tag="710" ind1="2" ind2=" ">
    <subfield code="a">Povolzhskai︠a︡ gosudarstvennai︠a︡ sot︠s︡ialʹno-gumanitarnai︠a︡ akademii︠a︡,</subfield>
    <subfield code="e">issuing body.</subfield>
  </datafield>
  <datafield tag="923" ind1=" " ind2=" ">
    <subfield code="d">20160530</subfield>
    <subfield code="n">10181253</subfield>
    <subfield code="s">RuMoEVIS</subfield>
  </datafield>
  <datafield tag="985" ind1=" " ind2=" ">
    <subfield code="e">VENDOR LOAD</subfield>
  </datafield>
</record>