
<record>
  <leader>02432cam a2200481 a 4500</leader>
  <controlfield tag="001">19189655</controlfield>
  <controlfield tag="005">20200102120026.0</controlfield>
  <controlfield tag="008">100607s1515    sz            000 0 lat d</controlfield>
  <datafield tag="906" ind1=" " ind2=" ">
    <subfield code="a">7</subfield>
    <subfield code="b">cbc</subfield>
    <subfield code="c">copycat</subfield>
    <subfield code="d">2</subfield>
    <subfield code="e">ncip</subfield>
    <subfield code="f">20</subfield>
    <subfield code="g">y-genrareb</subfield>
  </datafield>
  <datafield tag="955" ind1=" " ind2=" ">
    <subfield code="b">he00</subfield>
    <subfield code="i">he04 2016-07-25 NEW INPUT</subfield>
    <subfield code="a">Returned to RBSCD he04 2016-07-27</subfield>
  </datafield>
  <datafield tag="010" ind1=" " ind2=" ">
    <subfield code="a">  2016656306</subfield>
  </datafield>
  <datafield tag="042" ind1=" " ind2=" ">
    <subfield code="a">lccopycat</subfield>
  </datafield>
  <datafield tag="035" ind1=" " ind2=" ">
    <subfield code="a">(OCoLC)ocn639037501</subfield>
  </datafield>
  <datafield tag="040" ind1=" " ind2=" ">
    <subfield code="a">UIU</subfield>
    <subfield code="b">eng</subfield>
    <subfield code="e">dcrmb</subfield>
    <subfield code="c">UIU</subfield>
    <subfield code="d">OCLCA</subfield>
    <subfield code="d">OCLCQ</subfield>
    <subfield code="d">OCLCA</subfield>
    <subfield code="d">OCLCF</subfield>
    <subfield code="d">OCLCO</subfield>
    <subfield code="d">DLC</subfield>
  </datafield>
  <datafield tag="035" ind1=" " ind2=" ">
    <subfield code="a">(OCoLC)639037501</subfield>
  </datafield>
  <datafield tag="050" ind1="0" ind2="0">
    <subfield code="a">BT430</subfield>
    <subfield code="b">.P374 1515</subfield>
  </datafield>
  <datafield tag="245" ind1="0" ind2="0">
    <subfield code="a">Passio Domini Nostri Iesu Christi.</subfield>
  </datafield>
  <datafield tag="246" ind1="3" ind2=" ">
    <subfield code="a">Passio Domini Nostri Jesu Christi</subfield>
  </datafield>
  <datafield tag="246" ind1="1" ind2=" ">
    <subfield code="i">Second work&apos;s caption title, leaf B6 verso:</subfield>
    <subfield code="a">Tractat[us] beati Bernhardi de planctu beate Marie virginis</subfield>
  </datafield>
  <datafield tag="246" ind1="1" ind2="7">
    <subfield code="a">Passio domini Iesu christi</subfield>
  </datafield>
  <datafield tag="246" ind1="1" ind2="7">
    <subfield code="a">Planctus Beate marie virginis</subfield>
  </datafield>
  <datafield tag="246" ind1="1" ind2=" ">
    <subfield code="i">Title from incipit on leaf A2:</subfield>
    <subfield code="a">Passio domini nostri Iesu christi Egregij magne[que] doctrine sacrorum eloquiorum interpretis perutilis passio siue sermo popularis ...</subfield>
  </datafield>
  <datafield tag="260" ind1=" " ind2=" ">
    <subfield code="a">[Basel, Switzerland] :</subfield>
    <subfield code="b">[Michael Furter],</subfield>
    <subfield code="c">[ca. 1515]</subfield>
  </datafield>
  <datafield tag="300" ind1=" " ind2=" ">
    <subfield code="a">[32] p. ;</subfield>
    <subfield code="c">21 cm (4to)</subfield>
  </datafield>
  <datafield tag="500" ind1=" " ind2=" ">
    <subfield code="a">Imprint from ISTC.</subfield>
  </datafield>
  <datafield tag="500" ind1=" " ind2=" ">
    <subfield code="a">&quot;De planctu beate Marie virginis&quot; by Ogier, of Locedio, Abbot of Locedio. Cf. ISTC.</subfield>
  </datafield>
  <datafield tag="500" ind1=" " ind2=" ">
    <subfield code="a">Signatures: A-B⁸.</subfield>
  </datafield>
  <datafield tag="510" ind1="4" ind2=" ">
    <subfield code="a">Verzeichnis der im deutschen Sprachbereich erschienenen Drucke des XVI. Jahrhunderts (VD 16),</subfield>
    <subfield code="c">P 875=P 878</subfield>
  </datafield>
  <datafield tag="510" ind1="4" ind2=" ">
    <subfield code="a">Goff, F.R. Incunabula in American libraries,</subfield>
    <subfield code="c">P-132</subfield>
  </datafield>
  <datafield tag="510" ind1="4" ind2=" ">
    <subfield code="a">Hain, L. Repertorium bibliographicum,</subfield>
    <subfield code="c">12438*</subfield>
  </datafield>
  <datafield tag="510" ind1="4" ind2=" ">
    <subfield code="a">Gesamtkatalog der Wiegendrucke,</subfield>
    <subfield code="c">M29606</subfield>
  </datafield>
  <datafield tag="510" ind1="4" ind2=" ">
    <subfield code="a">Catalogue of books printed in the XVth century now in the British Museum,</subfield>
    <subfield code="c">volume 3, page xxxviii</subfield>
  </datafield>
  <datafield tag="510" ind1="4" ind2=" ">
    <subfield code="a">Incunabula short title catalogue,</subfield>
    <subfield code="c">ip00132000</subfield>
  </datafield>
  <datafield tag="500" ind1=" " ind2=" ">
    <subfield code="a">Woodcut illustration on title page of Christ&apos;s crucifixion.</subfield>
  </datafield>
  <datafield tag="500" ind1=" " ind2=" ">
    <subfield code="a">Text printed in two columns.</subfield>
  </datafield>
  <datafield tag="561" ind1=" " ind2=" ">
    <subfield code="a">LC copy from the purchase of the incunabula collection of Otto Vollbehr, 1930.</subfield>
    <subfield code="5">DLC</subfield>
  </datafield>
  <datafield tag="600" ind1="0" ind2="0">
    <subfield code="a">Jesus Christ</subfield>
    <subfield code="x">Passion</subfield>
    <subfield code="v">Early works to 1800.</subfield>
  </datafield>
  <datafield tag="600" ind1="0" ind2="0">
    <subfield code="a">Mary,</subfield>
    <subfield code="c">Blessed Virgin, Saint</subfield>
    <subfield code="v">Early works to 1800.</subfield>
  </datafield>
  <datafield tag="700" ind1="1" ind2=" ">
    <subfield code="a">Furter, Michael,</subfield>
    <subfield code="d">-1517,</subfield>
    <subfield code="e">printer.</subfield>
  </datafield>
  <datafield tag="700" ind1="0" ind2="2">
    <subfield code="a">Ogier,</subfield>
    <subfield code="c">of Locedio, Abbot of Locedio,</subfield>
    <subfield code="d">-1214.</subfield>
    <subfield code="t">De planctu Beatae Mariae Virginis.</subfield>
  </datafield>
  <datafield tag="700" ind1="0" ind2=" ">
    <subfield code="a">Bernard,</subfield>
    <subfield code="c">of Clairvaux, Saint,</subfield>
    <subfield code="d">1090 or 1091-1153.</subfield>
  </datafield>
  <datafield tag="710" ind1="2" ind2=" ">
    <subfield code="a">Otto Vollbehr Collection (Library of Congress)</subfield>
    <subfield code="5">DLC</subfield>
  </datafield>
  <datafield tag="752" ind1=" " ind2=" ">
    <subfield code="a">Switzerland</subfield>
    <subfield code="d">Basel.</subfield>
  </datafield>
</record>