
<record>
  <leader>03021cam a22003977i 4500</leader>
  <controlfield tag="001">19197899</controlfield>
  <controlfield tag="005">20200102154959.0</controlfield>
  <controlfield tag="008">160623s2015    ru ab    ab   100 0 rus  </controlfield>
  <datafield tag="906" ind1=" " ind2=" ">
    <subfield code="a">7</subfield>
    <subfield code="b">cbc</subfield>
    <subfield code="c">origres</subfield>
    <subfield code="d">3</subfield>
    <subfield code="e">ncip</subfield>
    <subfield code="f">20</subfield>
    <subfield code="g">y-nonroman</subfield>
  </datafield>
  <datafield tag="925" ind1="0" ind2=" ">
    <subfield code="a">acquire</subfield>
    <subfield code="b">1 shelf copy</subfield>
    <subfield code="x">policy default</subfield>
  </datafield>
  <datafield tag="955" ind1=" " ind2=" ">
    <subfield code="b">fe15 2016-08-25 telework to cat.</subfield>
    <subfield code="a">fe00 2016-10-12 to GS/RUS</subfield>
    <subfield code="h">ti68 2020-01-02 to shelf</subfield>
  </datafield>
  <datafield tag="010" ind1=" " ind2=" ">
    <subfield code="a">  2016454567</subfield>
  </datafield>
  <datafield tag="020" ind1=" " ind2=" ">
    <subfield code="a">9785990771024</subfield>
    <subfield code="q">(pbk.)</subfield>
  </datafield>
  <datafield tag="035" ind1=" " ind2=" ">
    <subfield code="a">(RuMoEVIS)ev1160558B</subfield>
  </datafield>
  <datafield tag="040" ind1=" " ind2=" ">
    <subfield code="a">DLC</subfield>
    <subfield code="b">eng</subfield>
    <subfield code="e">rda</subfield>
    <subfield code="c">DLC</subfield>
    <subfield code="d">DLC</subfield>
  </datafield>
  <datafield tag="041" ind1="0" ind2=" ">
    <subfield code="a">rus</subfield>
    <subfield code="b">eng</subfield>
  </datafield>
  <datafield tag="050" ind1="0" ind2="0">
    <subfield code="a">MLCS 2020/46184</subfield>
  </datafield>
  <datafield tag="066" ind1=" " ind2=" ">
    <subfield code="c">(N</subfield>
  </datafield>
  <datafield tag="111" ind1="2" ind2=" ">
    <subfield code="a">Simpozium s mezhdunarodnym uchastiem po istoricheskoĭ demografii i istoricheskoĭ geografii &quot;Territorii︠a︡ i naselenie stran i kontinentov, istorii︠a︡ i sovremennostʹ&quot;</subfield>
    <subfield code="d">(2015 :</subfield>
    <subfield code="c">Ulʹi︠a︡novsk, Russia),</subfield>
    <subfield code="j">author.</subfield>
  </datafield>
  <datafield tag="245" ind1="1" ind2="0">
    <subfield code="6">880-01</subfield>
    <subfield code="a">Territorii︠a︡ i naselenie stran i kontinentov :</subfield>
    <subfield code="b">istorii︠a︡ i sovremennostʹ : Materialy simpoziuma s mezhdunarodnym uchastiem po istoricheskoĭ demografii i istoricheskoĭ geografii, Ulʹi︠a︡novsk, ii︠u︡nʹ 2015 goda /</subfield>
    <subfield code="c">Pod red. S.A. Prokopenko = Territory and population of the countries and continents : History and Present : Historical demography and historical geography : Proceedings of a symposium with the international participation : Ulyanovsk, June 2015 / ed. S. Prokopenko.</subfield>
  </datafield>
  <datafield tag="880" ind1="1" ind2="0">
    <subfield code="6">245-01/(N</subfield>
    <subfield code="a">Территория и население стран и континентов :</subfield>
    <subfield code="b">история и современность : Mатериалы симпозиума с международным участием по исторической демографии и исторической географии, Ульяновск, июнь 2015 года /</subfield>
    <subfield code="c">Под ред. С.А. Прокопенко = Territory and population of the countries and continents : History and Present : Historical demography and historical geography : Proceedings of a symposium with the international participation : Ulyanovsk, June 2015 / ed. S. Prokopenko.</subfield>
  </datafield>
  <datafield tag="246" ind1="3" ind2="1">
    <subfield code="a">Territory and population of the countries and continents :</subfield>
    <subfield code="b">History and Present : Historical demography and historical geography : Proceedings of a symposium with the international participation</subfield>
  </datafield>
  <datafield tag="264" ind1=" " ind2="1">
    <subfield code="6">880-02</subfield>
    <subfield code="a">Ulʹi︠a︡novsk :</subfield>
    <subfield code="b">Izdatelʹ Kachalin Aleksandr Vasilʹevich,</subfield>
    <subfield code="c">2015.</subfield>
  </datafield>
  <datafield tag="880" ind1=" " ind2="1">
    <subfield code="6">264-02/(N</subfield>
    <subfield code="a">Ульяновск :</subfield>
    <subfield code="b">Издатель Качалин Александр Васильевич,</subfield>
    <subfield code="c">2015.</subfield>
  </datafield>
  <datafield tag="300" ind1=" " ind2=" ">
    <subfield code="a">318 pages :</subfield>
    <subfield code="b">illustrations, maps ;</subfield>
    <subfield code="c">21 cm</subfield>
  </datafield>
  <datafield tag="336" ind1=" " ind2=" ">
    <subfield code="a">text</subfield>
    <subfield code="b">txt</subfield>
    <subfield code="2">rdacontent</subfield>
  </datafield>
  <datafield tag="337" ind1=" " ind2=" ">
    <subfield code="a">unmediated</subfield>
    <subfield code="b">n</subfield>
    <subfield code="2">rdamedia</subfield>
  </datafield>
  <datafield tag="338" ind1=" " ind2=" ">
    <subfield code="a">volume</subfield>
    <subfield code="b">nc</subfield>
    <subfield code="2">rdacarrier</subfield>
  </datafield>
  <datafield tag="500" ind1=" " ind2=" ">
    <subfield code="a">Minimal Level Cataloging Plus</subfield>
    <subfield code="5">DLC</subfield>
  </datafield>
  <datafield tag="504" ind1=" " ind2=" ">
    <subfield code="a">Includes bibliographical references.</subfield>
  </datafield>
  <datafield tag="546" ind1=" " ind2=" ">
    <subfield code="a">In Russian, with added title, table of contents and summary in English.</subfield>
  </datafield>
  <datafield tag="650" ind1=" " ind2="0">
    <subfield code="a">Demography</subfield>
    <subfield code="v">Congresses.</subfield>
  </datafield>
  <datafield tag="700" ind1="1" ind2=" ">
    <subfield code="a">Prokopenko, S. A.</subfield>
    <subfield code="q">(Sergeĭ Alekseevich),</subfield>
    <subfield code="e">editor.</subfield>
  </datafield>
  <datafield tag="923" ind1=" " ind2=" ">
    <subfield code="d">20160623</subfield>
    <subfield code="n">10181886</subfield>
    <subfield code="s">RuMoEVIS</subfield>
  </datafield>
  <datafield tag="985" ind1=" " ind2=" ">
    <subfield code="e">VENDOR LOAD</subfield>
  </datafield>
  <datafield tag="985" ind1=" " ind2=" ">
    <subfield code="e">FLMC contract</subfield>
  </datafield>
</record>