
<record>
  <leader>03132cam a2200565 i 4500</leader>
  <controlfield tag="001">19197936</controlfield>
  <controlfield tag="005">20200102112451.0</controlfield>
  <controlfield tag="008">160621s2016    ru a     bc   000 0drusoc</controlfield>
  <datafield tag="906" ind1=" " ind2=" ">
    <subfield code="a">7</subfield>
    <subfield code="b">cbc</subfield>
    <subfield code="c">pccadap</subfield>
    <subfield code="d">2</subfield>
    <subfield code="e">ncip</subfield>
    <subfield code="f">20</subfield>
    <subfield code="g">y-nonroman</subfield>
  </datafield>
  <datafield tag="925" ind1="0" ind2=" ">
    <subfield code="a">acquire</subfield>
    <subfield code="b">1 shelf copy</subfield>
    <subfield code="x">policy default</subfield>
  </datafield>
  <datafield tag="955" ind1=" " ind2=" ">
    <subfield code="a">vl26 2019-11-20 z-client</subfield>
    <subfield code="i">vl26 2019-11-20</subfield>
  </datafield>
  <datafield tag="955" ind1=" " ind2=" ">
    <subfield code="b">fe06 2016-09-08 telework to cat.</subfield>
    <subfield code="a">fe00 2016-09-09 to GS/RUS</subfield>
    <subfield code="a">fe01 2019-10-21 to Music, better in M?</subfield>
    <subfield code="i">vl26 2019-12-06 telework</subfield>
    <subfield code="e">vl26 2019-12-06 c. 1 to Music Division</subfield>
    <subfield code="e">vl39 2020-01-02 to BCCD c.1</subfield>
  </datafield>
  <datafield tag="010" ind1=" " ind2=" ">
    <subfield code="a">  2016454682</subfield>
  </datafield>
  <datafield tag="020" ind1=" " ind2=" ">
    <subfield code="a">9785995005797</subfield>
    <subfield code="q">(paperback)</subfield>
  </datafield>
  <datafield tag="020" ind1=" " ind2=" ">
    <subfield code="a">5995005790</subfield>
    <subfield code="q">(paperback)</subfield>
  </datafield>
  <datafield tag="035" ind1=" " ind2=" ">
    <subfield code="a">(OCoLC)ocn960909895</subfield>
  </datafield>
  <datafield tag="035" ind1=" " ind2=" ">
    <subfield code="a">(OCoLC)960909895</subfield>
  </datafield>
  <datafield tag="040" ind1=" " ind2=" ">
    <subfield code="a">AZU</subfield>
    <subfield code="b">eng</subfield>
    <subfield code="e">rda</subfield>
    <subfield code="c">TEF</subfield>
    <subfield code="d">OCLCF</subfield>
    <subfield code="d">PAU</subfield>
    <subfield code="d">EYM</subfield>
    <subfield code="d">TEF</subfield>
    <subfield code="d">WAU</subfield>
    <subfield code="d">IUL</subfield>
    <subfield code="d">OCL</subfield>
    <subfield code="d">NYP</subfield>
    <subfield code="d">EVIEW</subfield>
    <subfield code="d">NOC</subfield>
    <subfield code="d">OCL</subfield>
    <subfield code="d">DLC</subfield>
  </datafield>
  <datafield tag="042" ind1=" " ind2=" ">
    <subfield code="a">lccopycat</subfield>
  </datafield>
  <datafield tag="043" ind1=" " ind2=" ">
    <subfield code="a">e-ur---</subfield>
  </datafield>
  <datafield tag="050" ind1="0" ind2="0">
    <subfield code="a">ML429.V74</subfield>
    <subfield code="b">I66 2016</subfield>
  </datafield>
  <datafield tag="100" ind1="1" ind2=" ">
    <subfield code="a">Ippolitov, Arkadiĭ,</subfield>
    <subfield code="e">author,</subfield>
    <subfield code="e">compiler,</subfield>
    <subfield code="e">writer of preface.</subfield>
  </datafield>
  <datafield tag="245" ind1="1" ind2="0">
    <subfield code="a">Siluėty teatralʹnogo proshlogo :</subfield>
    <subfield code="b">I.A. Vsevolozhskoĭ i ego vremi︠a︡ /</subfield>
    <subfield code="c">avtor-sostavitelʹ i avtor predislovii︠a︡: A.V. Ippolitov ; avtory: O.I. Barkovet︠s︡, V.M. Gaevskiĭ, V.P. Pogozhev.</subfield>
  </datafield>
  <datafield tag="264" ind1=" " ind2="1">
    <subfield code="a">Moskva :</subfield>
    <subfield code="b">Kuchkovo pole,</subfield>
    <subfield code="c">2016.</subfield>
  </datafield>
  <datafield tag="300" ind1=" " ind2=" ">
    <subfield code="a">237 pages :</subfield>
    <subfield code="b">illustrations ;</subfield>
    <subfield code="c">16 cm</subfield>
  </datafield>
  <datafield tag="336" ind1=" " ind2=" ">
    <subfield code="a">text</subfield>
    <subfield code="b">txt</subfield>
    <subfield code="2">rdacontent</subfield>
  </datafield>
  <datafield tag="337" ind1=" " ind2=" ">
    <subfield code="a">unmediated</subfield>
    <subfield code="b">n</subfield>
    <subfield code="2">rdamedia</subfield>
  </datafield>
  <datafield tag="338" ind1=" " ind2=" ">
    <subfield code="a">volume</subfield>
    <subfield code="b">nc</subfield>
    <subfield code="2">rdacarrier</subfield>
  </datafield>
  <datafield tag="500" ind1=" " ind2=" ">
    <subfield code="a">Published to accompany the exhibition &quot;Tuzy, damy, valety. Dvor i teatr v karikaturakh I.A. Vsevolozhskogo iz sobranii︠a︡ V.P. Pogozheva&quot; held at the State Museum-Reserve &quot;T︠S︡arit︠s︡yno&quot;, Moscow, May 24-September 25, 2016.</subfield>
  </datafield>
  <datafield tag="504" ind1=" " ind2=" ">
    <subfield code="a">Includes bibliographical references.</subfield>
  </datafield>
  <datafield tag="505" ind1="0" ind2="0">
    <subfield code="t">Imperator Aleksandr III : partitura vlasti /</subfield>
    <subfield code="r">Olʹga Barkovet︠s︡ --</subfield>
    <subfield code="t">Vremi︠a︡ Vsevolozhskogo /</subfield>
    <subfield code="r">Vadim Gaevskiĭ --</subfield>
    <subfield code="t">Siluėty teatralʹnogo proshlogo /</subfield>
    <subfield code="r">Vladimir Pogozhev.</subfield>
  </datafield>
  <datafield tag="600" ind1="1" ind2="0">
    <subfield code="a">Vsevolozhskiĭ, I. A.</subfield>
    <subfield code="q">(Ivan Aleksandrovich)</subfield>
    <subfield code="v">Exhibitions.</subfield>
  </datafield>
  <datafield tag="600" ind1="1" ind2="7">
    <subfield code="a">Vsevolozhskiĭ, I. A.</subfield>
    <subfield code="q">(Ivan Aleksandrovich)</subfield>
    <subfield code="2">fast</subfield>
    <subfield code="0">(OCoLC)fst00113247</subfield>
  </datafield>
  <datafield tag="650" ind1=" " ind2="0">
    <subfield code="a">Theatrical producers and directors</subfield>
    <subfield code="z">Russia</subfield>
    <subfield code="v">Exhibitions.</subfield>
  </datafield>
  <datafield tag="650" ind1=" " ind2="0">
    <subfield code="a">Musical theater</subfield>
    <subfield code="z">Russia</subfield>
    <subfield code="x">History</subfield>
    <subfield code="y">19th century</subfield>
    <subfield code="v">Exhibitions.</subfield>
  </datafield>
  <datafield tag="655" ind1=" " ind2="7">
    <subfield code="a">Exhibition catalogs.</subfield>
    <subfield code="2">lcgft</subfield>
  </datafield>
  <datafield tag="650" ind1=" " ind2="7">
    <subfield code="a">Theatrical producers and directors.</subfield>
    <subfield code="2">fast</subfield>
    <subfield code="0">(OCoLC)fst01149443</subfield>
  </datafield>
  <datafield tag="650" ind1=" " ind2="7">
    <subfield code="a">Musical theater.</subfield>
    <subfield code="2">fast</subfield>
    <subfield code="0">(OCoLC)fst01030807</subfield>
  </datafield>
  <datafield tag="651" ind1=" " ind2="7">
    <subfield code="a">Russia (Federation)</subfield>
    <subfield code="2">fast</subfield>
    <subfield code="0">(OCoLC)fst01262050</subfield>
  </datafield>
  <datafield tag="650" ind1="0" ind2="4">
    <subfield code="a">Dramatic representation. The theater.</subfield>
  </datafield>
  <datafield tag="648" ind1=" " ind2="7">
    <subfield code="a">1800-1899</subfield>
    <subfield code="2">fast</subfield>
  </datafield>
  <datafield tag="655" ind1=" " ind2="7">
    <subfield code="a">Exhibition catalogs.</subfield>
    <subfield code="2">fast</subfield>
    <subfield code="0">(OCoLC)fst01424028</subfield>
  </datafield>
  <datafield tag="655" ind1=" " ind2="7">
    <subfield code="a">History.</subfield>
    <subfield code="2">fast</subfield>
    <subfield code="0">(OCoLC)fst01411628</subfield>
  </datafield>
  <datafield tag="700" ind1="1" ind2=" ">
    <subfield code="a">Barkovet︠s︡, O. I.</subfield>
    <subfield code="q">(Olʹga I.),</subfield>
    <subfield code="e">author.</subfield>
  </datafield>
  <datafield tag="700" ind1="1" ind2=" ">
    <subfield code="a">Gaevskiĭ, V.</subfield>
    <subfield code="q">(Vadim),</subfield>
    <subfield code="d">1928-</subfield>
    <subfield code="e">author.</subfield>
  </datafield>
  <datafield tag="700" ind1="1" ind2=" ">
    <subfield code="a">Pogozhev, V. P.</subfield>
    <subfield code="q">(Vladimir Petrovich),</subfield>
    <subfield code="e">author.</subfield>
  </datafield>
  <datafield tag="710" ind1="2" ind2=" ">
    <subfield code="a">Gosudarstvennyĭ istoriko-arkhitekturnyĭ, khudozhestvennyĭ i landshaftnyĭ muzeĭ-zapovednik &quot;T︠S︡arit︠s︡yno&quot;,</subfield>
    <subfield code="e">host institution.</subfield>
  </datafield>
  <datafield tag="710" ind1="2" ind2=" ">
    <subfield code="a">Fond &quot;Svi︠a︡zʹ ėpokh&quot;,</subfield>
    <subfield code="e">sponsoring body.</subfield>
  </datafield>
  <datafield tag="923" ind1=" " ind2=" ">
    <subfield code="d">20160621</subfield>
    <subfield code="n">10181799</subfield>
    <subfield code="s">RuMoEVIS</subfield>
  </datafield>
  <datafield tag="985" ind1=" " ind2=" ">
    <subfield code="e">VENDOR LOAD</subfield>
  </datafield>
</record>