
<record>
  <leader>02817cam a2200457 i 4500</leader>
  <controlfield tag="001">19235883</controlfield>
  <controlfield tag="005">20200102154716.0</controlfield>
  <controlfield tag="008">160818t20152015nyua     b    000 0 heb  </controlfield>
  <datafield tag="906" ind1=" " ind2=" ">
    <subfield code="a">7</subfield>
    <subfield code="b">cbc</subfield>
    <subfield code="c">origres</subfield>
    <subfield code="d">2</subfield>
    <subfield code="e">ncip</subfield>
    <subfield code="f">20</subfield>
    <subfield code="g">y-nonroman</subfield>
  </datafield>
  <datafield tag="925" ind1="0" ind2=" ">
    <subfield code="a">acquire</subfield>
    <subfield code="b">1 shelf copy</subfield>
    <subfield code="x">policy default</subfield>
  </datafield>
  <datafield tag="955" ind1=" " ind2=" ">
    <subfield code="b">cd22 2016-08-18 z-processor JACKPHY added LCCN and holdings and items, to cd00 shelves;</subfield>
    <subfield code="a">cd00 2016-08-18 to ASME/IJ;</subfield>
    <subfield code="a">cd23 2018-11-13 to cd23 for full cat.;</subfield>
    <subfield code="i">cd23 2018-12-27 telework to Hebraic shelves;</subfield>
    <subfield code="a">cd23 2020-01-02 telework Bibframe ymey</subfield>
  </datafield>
  <datafield tag="010" ind1=" " ind2=" ">
    <subfield code="a">  2016452370</subfield>
  </datafield>
  <datafield tag="040" ind1=" " ind2=" ">
    <subfield code="a">DLC</subfield>
    <subfield code="b">eng</subfield>
    <subfield code="e">rda</subfield>
    <subfield code="c">DLC</subfield>
  </datafield>
  <datafield tag="041" ind1="0" ind2=" ">
    <subfield code="a">heb</subfield>
    <subfield code="a">yid</subfield>
  </datafield>
  <datafield tag="050" ind1="0" ind2="0">
    <subfield code="a">BM729.T55</subfield>
    <subfield code="b">S25 2015</subfield>
  </datafield>
  <datafield tag="066" ind1=" " ind2=" ">
    <subfield code="c">(2</subfield>
  </datafield>
  <datafield tag="100" ind1="1" ind2=" ">
    <subfield code="6">880-01</subfield>
    <subfield code="a">Salamon, A. Y.,</subfield>
    <subfield code="e">author.</subfield>
  </datafield>
  <datafield tag="880" ind1="1" ind2=" ">
    <subfield code="6">100-01/(2/r‏</subfield>
    <subfield code="a">‏שאלאמאן, אהרן יהודה ארי&apos;.</subfield>
  </datafield>
  <datafield tag="240" ind1="1" ind2="0">
    <subfield code="a">Ḥatsot ha-yom</subfield>
  </datafield>
  <datafield tag="245" ind1="1" ind2="0">
    <subfield code="6">880-02</subfield>
    <subfield code="a">Sefer Ḥatsot ha-yom :</subfield>
    <subfield code="b">beʼur maḳif &quot;bi-zeman ḥatsot ha-yom ha-nakhon&quot; she-hu nogeʻa la-halakhah le-khamah ʻinyanim, umi-tokhah yitbaʼer &quot;ofen ḥeshbon shaʻot shaṿot&quot; le-daʻat ha-Yavets ṿe-siyeʻato : gam beʼur yafeh u-murḥevet be-daʻat ha-Rambam be-shiṭato shel &quot;shaʻot zemaniyot&quot;, ṿe-harbeh ʻinyene tekhunah ʻim kamah tsiyurim behirim : mevoʼar u-meforash ... /</subfield>
    <subfield code="c">ḥibartiṿ Aharon Yehudah Ary. Śalamon.</subfield>
  </datafield>
  <datafield tag="880" ind1="1" ind2="0">
    <subfield code="6">245-02/(2/r‏</subfield>
    <subfield code="a">‏ספר חצות היום :‏</subfield>
    <subfield code="b">‏ביאור מקיף &quot;בזמן חצות היום הנכון&quot; שהוא נוגע להלכה לכמה ענינים, ומתוכה יתבאר &quot;אופן חשבון שעות שוות&quot; לדעת היעב&quot;ץ וסייעתו : גם ביאור יפה ומורחבת בדעת הרמב&quot;ם בשיטתו של &quot;שעות זמניות&quot;, והרבה עניני תכונה עם כמה ציורים בהירים : מבואר ומפורש ... /‏</subfield>
    <subfield code="c">‏חברתיו אהרן יהודה ארי&apos; שאלאמאן.</subfield>
  </datafield>
  <datafield tag="246" ind1="1" ind2="7">
    <subfield code="6">880-03</subfield>
    <subfield code="a">Ḥatsot ha-yom</subfield>
  </datafield>
  <datafield tag="880" ind1="1" ind2="7">
    <subfield code="6">246-03/(2/r‏</subfield>
    <subfield code="a">‏חצות היום</subfield>
  </datafield>
  <datafield tag="264" ind1=" " ind2="1">
    <subfield code="6">880-04</subfield>
    <subfield code="a">Bruḳlin, Nyu Yorḳ :</subfield>
    <subfield code="b">[Aharon Yehudah Ary. Śalamon],</subfield>
    <subfield code="c">775 [2015]</subfield>
  </datafield>
  <datafield tag="880" ind1=" " ind2="1">
    <subfield code="6">264-04/(2/r‏</subfield>
    <subfield code="a">‏ברוקלין, ניו יארק :‏</subfield>
    <subfield code="b">‏[אהרן יהודה ארי&apos; שאלאמאן],‏</subfield>
    <subfield code="c">‏תשע&quot;ה.</subfield>
  </datafield>
  <datafield tag="264" ind1=" " ind2="4">
    <subfield code="c">©&apos;15</subfield>
  </datafield>
  <datafield tag="300" ind1=" " ind2=" ">
    <subfield code="a">158, [6] pages :</subfield>
    <subfield code="b">illustrations  ;</subfield>
    <subfield code="c">24 cm</subfield>
  </datafield>
  <datafield tag="336" ind1=" " ind2=" ">
    <subfield code="a">text</subfield>
    <subfield code="b">txt</subfield>
    <subfield code="2">rdacontent</subfield>
  </datafield>
  <datafield tag="337" ind1=" " ind2=" ">
    <subfield code="a">unmediated</subfield>
    <subfield code="b">n</subfield>
    <subfield code="2">rdamedia</subfield>
  </datafield>
  <datafield tag="338" ind1=" " ind2=" ">
    <subfield code="a">volume</subfield>
    <subfield code="b">nc</subfield>
    <subfield code="2">rdacarrier</subfield>
  </datafield>
  <datafield tag="504" ind1=" " ind2=" ">
    <subfield code="a">Includes bibliographical references.</subfield>
  </datafield>
  <datafield tag="546" ind1=" " ind2=" ">
    <subfield code="a">Includes essay in Yiddish.</subfield>
  </datafield>
  <datafield tag="650" ind1=" " ind2="0">
    <subfield code="a">Time (Jewish law)</subfield>
  </datafield>
  <datafield tag="650" ind1=" " ind2="0">
    <subfield code="a">Noon.</subfield>
  </datafield>
  <datafield tag="650" ind1=" " ind2="0">
    <subfield code="a">Jewish astronomy.</subfield>
  </datafield>
  <datafield tag="650" ind1=" " ind2="0">
    <subfield code="a">Jewish law.</subfield>
  </datafield>
  <datafield tag="650" ind1=" " ind2="0">
    <subfield code="a">Judaism</subfield>
    <subfield code="x">Customs and practices.</subfield>
  </datafield>
  <datafield tag="650" ind1=" " ind2="0">
    <subfield code="a">Rabbinical literature</subfield>
    <subfield code="x">History and criticism.</subfield>
  </datafield>
  <datafield tag="600" ind1="1" ind2="0">
    <subfield code="a">Emden, Jacob,</subfield>
    <subfield code="d">1697-1776</subfield>
    <subfield code="x">Teachings.</subfield>
  </datafield>
  <datafield tag="600" ind1="1" ind2="0">
    <subfield code="a">Maimonides, Moses,</subfield>
    <subfield code="d">1135-1204</subfield>
    <subfield code="x">Teachings.</subfield>
  </datafield>
  <datafield tag="985" ind1=" " ind2=" ">
    <subfield code="a">BibframePilot2</subfield>
    <subfield code="e">20180504</subfield>
  </datafield>
</record>