
<record>
  <leader>02819cam a2200397 i 4500</leader>
  <controlfield tag="001">19364052</controlfield>
  <controlfield tag="005">20200102133339.0</controlfield>
  <controlfield tag="008">161104s2018    nyuab    b    001 0 eng  </controlfield>
  <datafield tag="906" ind1=" " ind2=" ">
    <subfield code="a">7</subfield>
    <subfield code="b">cbc</subfield>
    <subfield code="c">orignew</subfield>
    <subfield code="d">2</subfield>
    <subfield code="e">epcn</subfield>
    <subfield code="f">20</subfield>
    <subfield code="g">y-gencatlg</subfield>
  </datafield>
  <datafield tag="925" ind1="0" ind2=" ">
    <subfield code="a">acquire</subfield>
    <subfield code="b">1 shelf copy</subfield>
    <subfield code="x">policy default</subfield>
  </datafield>
  <datafield tag="955" ind1=" " ind2=" ">
    <subfield code="a">pc17 2016-11-04</subfield>
    <subfield code="a">xn11 2018-03-26 1 copy rec&apos;d., to USASH</subfield>
    <subfield code="c">rf21 2019-10-03</subfield>
    <subfield code="d">rf21 2019-10-08 to SL</subfield>
    <subfield code="a">rf21 2019-10-10 update</subfield>
    <subfield code="e">rf13 2019-10-15 to Dewey</subfield>
    <subfield code="w">xm06 2020-01-02</subfield>
  </datafield>
  <datafield tag="010" ind1=" " ind2=" ">
    <subfield code="a">  2016958835</subfield>
  </datafield>
  <datafield tag="020" ind1=" " ind2=" ">
    <subfield code="a">9781681176758 ;</subfield>
    <subfield code="q">(hbk. ;</subfield>
    <subfield code="q">alk. paper)</subfield>
  </datafield>
  <datafield tag="040" ind1=" " ind2=" ">
    <subfield code="a">DLC</subfield>
    <subfield code="b">eng</subfield>
    <subfield code="e">rda</subfield>
    <subfield code="c">DLC</subfield>
    <subfield code="d">DLC</subfield>
  </datafield>
  <datafield tag="042" ind1=" " ind2=" ">
    <subfield code="a">pcc</subfield>
  </datafield>
  <datafield tag="050" ind1="0" ind2="0">
    <subfield code="a">TD195.M5</subfield>
    <subfield code="b">M57813 2018</subfield>
  </datafield>
  <datafield tag="082" ind1="0" ind2="0">
    <subfield code="a">363.11/9622</subfield>
    <subfield code="2">23</subfield>
  </datafield>
  <datafield tag="130" ind1="0" ind2=" ">
    <subfield code="a">Mining in ecologically sensitive landscapes (Scitus Academics)</subfield>
  </datafield>
  <datafield tag="245" ind1="1" ind2="0">
    <subfield code="a">Mining in ecologically sensitive landscapes /</subfield>
    <subfield code="c">[edited by] Harish Kumar.</subfield>
  </datafield>
  <datafield tag="264" ind1=" " ind2="1">
    <subfield code="a">Valley Cottage, NY :</subfield>
    <subfield code="b">Scitus Academics,</subfield>
    <subfield code="c">[2018]</subfield>
  </datafield>
  <datafield tag="264" ind1=" " ind2="4">
    <subfield code="c">©2018</subfield>
  </datafield>
  <datafield tag="300" ind1=" " ind2=" ">
    <subfield code="a">viii, 320 pages :</subfield>
    <subfield code="b">illustrations, maps ;</subfield>
    <subfield code="c">24 cm</subfield>
  </datafield>
  <datafield tag="336" ind1=" " ind2=" ">
    <subfield code="a">text</subfield>
    <subfield code="b">txt</subfield>
    <subfield code="2">rdacontent</subfield>
  </datafield>
  <datafield tag="337" ind1=" " ind2=" ">
    <subfield code="a">unmediated</subfield>
    <subfield code="b">n</subfield>
    <subfield code="2">rdamedia</subfield>
  </datafield>
  <datafield tag="338" ind1=" " ind2=" ">
    <subfield code="a">volume</subfield>
    <subfield code="b">nc</subfield>
    <subfield code="2">rdacarrier</subfield>
  </datafield>
  <datafield tag="500" ind1=" " ind2=" ">
    <subfield code="a">&quot;Copyright for individual articles remains with the authors as indicated. All chapters are distributed under the terms of the Creative Commons Attribution license.&quot;--Title page verso.</subfield>
  </datafield>
  <datafield tag="504" ind1=" " ind2=" ">
    <subfield code="a">Includes bibliographical references and index.</subfield>
  </datafield>
  <datafield tag="505" ind1="2" ind2=" ">
    <subfield code="a">Landscape-scale disturbance : insights into the complexity of catchment hydrology in the mountaintop removal mining region of the eastern United States -- Eliciting drivers of community perceptions of mining projects through effective community engagement -- Integrating industrial ecology thinking into the management of mining waste -- Characterization of black sand mining activities and their environmental aspects in the Philippines using remote sensing -- Assessing landform alterations induced by mountaintop mining -- Distribution of artisanal and small-scale gold mining in the Tapajos River Basin (Brazilian Amazon) over the past 40 years and relationship with water siltation --</subfield>
  </datafield>
  <datafield tag="505" ind1="2" ind2=" ">
    <subfield code="a">Sustainable land management in mining areas in Serbia and Romania -- An integrated assessment approach to address artisanal and small-scale gold mining in Ghana -- Application of a backfilling method in coal mining to realise an ecologically sensitive &quot;black gold&quot; industry -- Assessing landscape ecological risk in a mining city : a case study in Liaoyuan City, China -- Mountaintop removal mining and catchment hydrology.</subfield>
  </datafield>
  <datafield tag="650" ind1=" " ind2="0">
    <subfield code="a">Mines and mineral resources</subfield>
    <subfield code="x">Environmental aspects.</subfield>
  </datafield>
  <datafield tag="650" ind1=" " ind2="0">
    <subfield code="a">Biotic communities</subfield>
    <subfield code="x">Effect of mining on.</subfield>
  </datafield>
  <datafield tag="650" ind1=" " ind2="0">
    <subfield code="a">Conservation of natural resources.</subfield>
  </datafield>
  <datafield tag="650" ind1=" " ind2="0">
    <subfield code="a">Ecosystem management.</subfield>
  </datafield>
  <datafield tag="650" ind1=" " ind2="0">
    <subfield code="a">Environmental responsibility.</subfield>
  </datafield>
  <datafield tag="700" ind1="1" ind2=" ">
    <subfield code="a">Kumar, Harish,</subfield>
    <subfield code="e">editor.</subfield>
  </datafield>
  <datafield tag="985" ind1=" " ind2=" ">
    <subfield code="a">BibframePilot2</subfield>
    <subfield code="e">20191011</subfield>
  </datafield>
</record>