
<record>
  <leader>02225cam a2200397 i 4500</leader>
  <controlfield tag="001">19395236</controlfield>
  <controlfield tag="005">20200102125021.0</controlfield>
  <controlfield tag="008">161204s2017    nyu      b    001 0 eng c</controlfield>
  <datafield tag="906" ind1=" " ind2=" ">
    <subfield code="a">7</subfield>
    <subfield code="b">cbc</subfield>
    <subfield code="c">orignew</subfield>
    <subfield code="d">1</subfield>
    <subfield code="e">ecip</subfield>
    <subfield code="f">20</subfield>
    <subfield code="g">y-gencatlg</subfield>
  </datafield>
  <datafield tag="925" ind1="0" ind2=" ">
    <subfield code="a">acquire</subfield>
    <subfield code="b">2 shelf copies</subfield>
    <subfield code="x">Sel/ddw, 2017-07-25</subfield>
  </datafield>
  <datafield tag="955" ind1=" " ind2=" ">
    <subfield code="a">NIC</subfield>
    <subfield code="e">rf07 2016-12-09 (telework) to Dewey</subfield>
    <subfield code="w">xm09 2016-12-09</subfield>
    <subfield code="a">xn08 2017-07-17 1 copy rec&apos;d., to CIP ver.</subfield>
    <subfield code="f">rf10 2017-08-01 (telework) CIP ver. to CALM</subfield>
    <subfield code="t">xn08 2017-08-02 copy 2 added</subfield>
    <subfield code="s">rf13 2020-01-02 c. 3 to Discard 00497403522</subfield>
  </datafield>
  <datafield tag="010" ind1=" " ind2=" ">
    <subfield code="a">  2016055823</subfield>
  </datafield>
  <datafield tag="020" ind1=" " ind2=" ">
    <subfield code="a">9781501713903</subfield>
    <subfield code="q">(cloth : alk. paper)</subfield>
  </datafield>
  <datafield tag="020" ind1=" " ind2=" ">
    <subfield code="a">9781501709265</subfield>
    <subfield code="q">(pbk. : alk. paper)</subfield>
  </datafield>
  <datafield tag="040" ind1=" " ind2=" ">
    <subfield code="a">NIC/DLC</subfield>
    <subfield code="b">eng</subfield>
    <subfield code="c">NIC</subfield>
    <subfield code="e">rda</subfield>
    <subfield code="d">DLC</subfield>
  </datafield>
  <datafield tag="042" ind1=" " ind2=" ">
    <subfield code="a">pcc</subfield>
  </datafield>
  <datafield tag="043" ind1=" " ind2=" ">
    <subfield code="a">n-us-ny</subfield>
    <subfield code="a">n-us-pa</subfield>
  </datafield>
  <datafield tag="050" ind1="0" ind2="0">
    <subfield code="a">E99.I7</subfield>
    <subfield code="b">C6 2017</subfield>
  </datafield>
  <datafield tag="082" ind1="0" ind2="0">
    <subfield code="a">974.7004/9755</subfield>
    <subfield code="2">23</subfield>
  </datafield>
  <datafield tag="100" ind1="1" ind2=" ">
    <subfield code="a">Colden, Cadwallader,</subfield>
    <subfield code="d">1688-1776,</subfield>
    <subfield code="e">author.</subfield>
  </datafield>
  <datafield tag="245" ind1="1" ind2="4">
    <subfield code="a">The history of the five Indian nations depending on the province of New-York in America :</subfield>
    <subfield code="b">a critical edition /</subfield>
    <subfield code="c">Cadwallader Colden ; with essays by John M. Dixon and Karim M. Tiro.</subfield>
  </datafield>
  <datafield tag="264" ind1=" " ind2="1">
    <subfield code="a">Ithaca :</subfield>
    <subfield code="b">Cornell University Press,</subfield>
    <subfield code="c">2017.</subfield>
  </datafield>
  <datafield tag="300" ind1=" " ind2=" ">
    <subfield code="a">xlvii, 216 pages :</subfield>
    <subfield code="b">maps ;</subfield>
    <subfield code="c">22 cm</subfield>
  </datafield>
  <datafield tag="336" ind1=" " ind2=" ">
    <subfield code="a">text</subfield>
    <subfield code="2">rdacontent</subfield>
  </datafield>
  <datafield tag="337" ind1=" " ind2=" ">
    <subfield code="a">unmediated</subfield>
    <subfield code="2">rdamedia</subfield>
  </datafield>
  <datafield tag="338" ind1=" " ind2=" ">
    <subfield code="a">volume</subfield>
    <subfield code="2">rdacarrier</subfield>
  </datafield>
  <datafield tag="500" ind1=" " ind2=" ">
    <subfield code="a">&quot;This modern edition combines the front matter and six chapters of the 1727 New York publication with the thirteen chapters issued in London in 1747&quot;--Introduction.</subfield>
  </datafield>
  <datafield tag="504" ind1=" " ind2=" ">
    <subfield code="a">Includes bibliographical references and index.</subfield>
  </datafield>
  <datafield tag="650" ind1=" " ind2="0">
    <subfield code="a">Iroquois Indians.</subfield>
  </datafield>
  <datafield tag="650" ind1=" " ind2="0">
    <subfield code="a">Indians of North America</subfield>
    <subfield code="z">New York (State)</subfield>
  </datafield>
  <datafield tag="651" ind1=" " ind2="0">
    <subfield code="a">New York (State)</subfield>
    <subfield code="x">History</subfield>
    <subfield code="y">Colonial period, ca. 1600-1775.</subfield>
  </datafield>
  <datafield tag="651" ind1=" " ind2="0">
    <subfield code="a">Pennsylvania</subfield>
    <subfield code="x">History</subfield>
    <subfield code="y">Colonial period, ca. 1600-1775</subfield>
  </datafield>
  <datafield tag="700" ind1="1" ind2="2">
    <subfield code="a">Dixon, John M.,</subfield>
    <subfield code="d">1970-</subfield>
    <subfield code="t">Imperial politics, Enlightenment philosophy, and transatlantic print culture.</subfield>
    <subfield code="i">Container of (work):</subfield>
  </datafield>
  <datafield tag="700" ind1="1" ind2="2">
    <subfield code="a">Tiro, Karim M.</subfield>
    <subfield code="t">Iroquois ways of war and peace.</subfield>
    <subfield code="i">Container of (work):</subfield>
  </datafield>
  <datafield tag="776" ind1="0" ind2="8">
    <subfield code="i">Online version:</subfield>
    <subfield code="a">Colden, Cadwallader, 1688-1776, author.</subfield>
    <subfield code="t">History of the five Indian nations depending on the province of New-York in America</subfield>
    <subfield code="d">Ithaca : Cornell University Press, 2017</subfield>
    <subfield code="z">9781501712548</subfield>
    <subfield code="w">(DLC) 2016057362</subfield>
  </datafield>
  <datafield tag="985" ind1=" " ind2=" ">
    <subfield code="a">NICCIP</subfield>
    <subfield code="d">2016-12-05</subfield>
  </datafield>
</record>