
<record>
  <leader>02089cam a2200433 i 4500</leader>
  <controlfield tag="001">19397873</controlfield>
  <controlfield tag="005">20200102112245.0</controlfield>
  <controlfield tag="008">161025s2016    ru a     b    000 0drus  </controlfield>
  <datafield tag="906" ind1=" " ind2=" ">
    <subfield code="a">7</subfield>
    <subfield code="b">cbc</subfield>
    <subfield code="c">origres</subfield>
    <subfield code="d">3</subfield>
    <subfield code="e">ncip</subfield>
    <subfield code="f">20</subfield>
    <subfield code="g">y-gencatlg</subfield>
  </datafield>
  <datafield tag="925" ind1="0" ind2=" ">
    <subfield code="a">acquire</subfield>
    <subfield code="b">1 shelf copy</subfield>
    <subfield code="x">policy default</subfield>
  </datafield>
  <datafield tag="955" ind1=" " ind2=" ">
    <subfield code="b">fe15 2017-01-03 telework to cat.</subfield>
    <subfield code="a">fe00 2017-01-25 to GS/RUS</subfield>
    <subfield code="a">fe12 2019-10-28 to music for full cat.</subfield>
    <subfield code="i">vl26 2019-12-27 telework</subfield>
    <subfield code="e">vl26 2019-12-27 to Music</subfield>
    <subfield code="e">vl39 2020-01-02 to BCCD c.1 Division</subfield>
  </datafield>
  <datafield tag="010" ind1=" " ind2=" ">
    <subfield code="a">  2016482182</subfield>
  </datafield>
  <datafield tag="020" ind1=" " ind2=" ">
    <subfield code="a">9785981567230</subfield>
    <subfield code="q">(paperback)</subfield>
  </datafield>
  <datafield tag="035" ind1=" " ind2=" ">
    <subfield code="a">(RuMoEVIS)ev1182165B</subfield>
  </datafield>
  <datafield tag="040" ind1=" " ind2=" ">
    <subfield code="a">DLC</subfield>
    <subfield code="b">eng</subfield>
    <subfield code="e">rda</subfield>
    <subfield code="c">DLC</subfield>
  </datafield>
  <datafield tag="042" ind1=" " ind2=" ">
    <subfield code="a">pcc</subfield>
  </datafield>
  <datafield tag="043" ind1=" " ind2=" ">
    <subfield code="a">e-ru---</subfield>
  </datafield>
  <datafield tag="050" ind1="0" ind2="0">
    <subfield code="a">ML410.G46</subfield>
    <subfield code="b">D48 2016</subfield>
  </datafield>
  <datafield tag="066" ind1=" " ind2=" ">
    <subfield code="c">(N</subfield>
  </datafield>
  <datafield tag="100" ind1="1" ind2=" ">
    <subfield code="6">880-01</subfield>
    <subfield code="a">Deverilina, N. V.</subfield>
    <subfield code="q">(Nadezhda Vladimirovna),</subfield>
    <subfield code="e">author.</subfield>
  </datafield>
  <datafield tag="880" ind1="1" ind2=" ">
    <subfield code="6">100-01/(N</subfield>
    <subfield code="a">Деверилина, Н. В.</subfield>
    <subfield code="q">(Надежда Владимировна),</subfield>
    <subfield code="e">author.</subfield>
  </datafield>
  <datafield tag="245" ind1="1" ind2="0">
    <subfield code="6">880-02</subfield>
    <subfield code="a">Rasstatʹsi︠a︡ medlit dolgiĭ vek ... :</subfield>
    <subfield code="b">usadʹba Shmakovo v sudʹbakh smolenskikh Glinok /</subfield>
    <subfield code="c">N.V. Deverilina.</subfield>
  </datafield>
  <datafield tag="880" ind1="1" ind2="0">
    <subfield code="6">245-02/(N</subfield>
    <subfield code="a">Расстаться медлит долгий век ... :</subfield>
    <subfield code="b">усадьба Шмаково в судьбах смоленских Глинок /</subfield>
    <subfield code="c">Н.В. Деверилина.</subfield>
  </datafield>
  <datafield tag="264" ind1=" " ind2="1">
    <subfield code="6">880-03</subfield>
    <subfield code="a">Smolensk :</subfield>
    <subfield code="b">Madzhenta,</subfield>
    <subfield code="c">2016.</subfield>
  </datafield>
  <datafield tag="880" ind1=" " ind2="1">
    <subfield code="6">264-03/(N</subfield>
    <subfield code="a">Смоленск :</subfield>
    <subfield code="b">Маджента,</subfield>
    <subfield code="c">2016.</subfield>
  </datafield>
  <datafield tag="300" ind1=" " ind2=" ">
    <subfield code="a">117 pages :</subfield>
    <subfield code="b">illustrations ;</subfield>
    <subfield code="c">22 cm</subfield>
  </datafield>
  <datafield tag="336" ind1=" " ind2=" ">
    <subfield code="a">text</subfield>
    <subfield code="2">rdacontent</subfield>
  </datafield>
  <datafield tag="337" ind1=" " ind2=" ">
    <subfield code="a">unmediated</subfield>
    <subfield code="2">rdamedia</subfield>
  </datafield>
  <datafield tag="338" ind1=" " ind2=" ">
    <subfield code="a">volume</subfield>
    <subfield code="2">rdacarrier</subfield>
  </datafield>
  <datafield tag="504" ind1=" " ind2=" ">
    <subfield code="a">Includes bibliographical references.</subfield>
  </datafield>
  <datafield tag="600" ind1="3" ind2="0">
    <subfield code="a">Glinka family.</subfield>
  </datafield>
  <datafield tag="600" ind1="1" ind2="0">
    <subfield code="a">Glinka, M. I.</subfield>
    <subfield code="q">(Mikhail Ivanovich),</subfield>
    <subfield code="d">1804-1857</subfield>
    <subfield code="x">Homes and haunts</subfield>
    <subfield code="z">Russia (Federation)</subfield>
    <subfield code="z">Smolenskai︠a︡ oblastʹ.</subfield>
  </datafield>
  <datafield tag="650" ind1=" " ind2="0">
    <subfield code="a">Manors</subfield>
    <subfield code="z">Russia (Federation)</subfield>
    <subfield code="z">Smolenskai︠a︡ oblastʹ.</subfield>
  </datafield>
  <datafield tag="650" ind1=" " ind2="0">
    <subfield code="a">Country homes</subfield>
    <subfield code="z">Russia (Federation)</subfield>
    <subfield code="z">Smolenskai︠a︡ oblastʹ.</subfield>
  </datafield>
  <datafield tag="653" ind1="0" ind2=" ">
    <subfield code="a">Genealogy.</subfield>
  </datafield>
  <datafield tag="653" ind1="0" ind2=" ">
    <subfield code="a">History of Russia. Soviet Union. Former Soviet Republics.</subfield>
  </datafield>
  <datafield tag="653" ind1="0" ind2=" ">
    <subfield code="a">Local history and description.</subfield>
  </datafield>
  <datafield tag="923" ind1=" " ind2=" ">
    <subfield code="d">20161031</subfield>
    <subfield code="n">10186875</subfield>
    <subfield code="s">RuMoEVIS</subfield>
  </datafield>
  <datafield tag="985" ind1=" " ind2=" ">
    <subfield code="e">VENDOR LOAD</subfield>
  </datafield>
</record>