
<record>
  <leader>01849cam a2200397 i 4500</leader>
  <controlfield tag="001">19451367</controlfield>
  <controlfield tag="005">20200102171210.0</controlfield>
  <controlfield tag="008">161206t20162016ru       b    001 0drus c</controlfield>
  <datafield tag="906" ind1=" " ind2=" ">
    <subfield code="a">0</subfield>
    <subfield code="b">ibc</subfield>
    <subfield code="c">pccadap</subfield>
    <subfield code="d">3</subfield>
    <subfield code="e">ncip</subfield>
    <subfield code="f">20</subfield>
    <subfield code="g">y-nonroman</subfield>
  </datafield>
  <datafield tag="925" ind1="0" ind2=" ">
    <subfield code="a">acquire</subfield>
    <subfield code="b">1 shelf copy</subfield>
    <subfield code="x">policy default</subfield>
  </datafield>
  <datafield tag="955" ind1=" " ind2=" ">
    <subfield code="b">ff05 2017-04-18  Telework</subfield>
    <subfield code="a">fe00 2017-04-21 to GS/RUS</subfield>
    <subfield code="b">fe08 2019-12-18 z-processor</subfield>
    <subfield code="a">fe00 2019-12-18 to GS/RUS</subfield>
    <subfield code="i">fe08 2020-01-02 telework to CALM</subfield>
  </datafield>
  <datafield tag="010" ind1=" " ind2=" ">
    <subfield code="a">  2016513102</subfield>
  </datafield>
  <datafield tag="020" ind1=" " ind2=" ">
    <subfield code="a">9785778404793</subfield>
  </datafield>
  <datafield tag="020" ind1=" " ind2=" ">
    <subfield code="a">5778404794</subfield>
  </datafield>
  <datafield tag="035" ind1=" " ind2=" ">
    <subfield code="a">(OCoLC)ocn972093861</subfield>
  </datafield>
  <datafield tag="040" ind1=" " ind2=" ">
    <subfield code="a">PIT</subfield>
    <subfield code="b">eng</subfield>
    <subfield code="e">rda</subfield>
    <subfield code="c">PIT</subfield>
    <subfield code="d">OCLCF</subfield>
    <subfield code="d">IUL</subfield>
    <subfield code="d">MNU</subfield>
    <subfield code="d">OCLCA</subfield>
    <subfield code="d">OCLCQ</subfield>
    <subfield code="d">DLC</subfield>
  </datafield>
  <datafield tag="042" ind1=" " ind2=" ">
    <subfield code="a">pcc</subfield>
  </datafield>
  <datafield tag="050" ind1="0" ind2="0">
    <subfield code="a">PG3377</subfield>
    <subfield code="b">.P66 2016</subfield>
  </datafield>
  <datafield tag="066" ind1=" " ind2=" ">
    <subfield code="c">(N</subfield>
  </datafield>
  <datafield tag="100" ind1="1" ind2=" ">
    <subfield code="a">Tolstoy, Leo,</subfield>
    <subfield code="c">graf,</subfield>
    <subfield code="d">1828-1910,</subfield>
    <subfield code="e">author.</subfield>
  </datafield>
  <datafield tag="245" ind1="1" ind2="0">
    <subfield code="6">880-01</subfield>
    <subfield code="a">Pomogi mne, Gospodi! :</subfield>
    <subfield code="b">Lev Tolstoĭ na molitve /</subfield>
    <subfield code="c">sostavlenie, vstupitelʹnai︠a︡ statʹi︠a︡ i kommentarii Sergei︠a︡ Romanova.</subfield>
  </datafield>
  <datafield tag="880" ind1="1" ind2="0">
    <subfield code="6">245-01/(N</subfield>
    <subfield code="a">Помоги мне, Господи! :</subfield>
    <subfield code="b">Лев Толстой на молитве /</subfield>
    <subfield code="c">составление, вступительная статья и комментарии Сергея Романова.</subfield>
  </datafield>
  <datafield tag="246" ind1="3" ind2="0">
    <subfield code="6">880-02</subfield>
    <subfield code="a">Lev Tolstoĭ na molitve</subfield>
  </datafield>
  <datafield tag="880" ind1="3" ind2="0">
    <subfield code="6">246-02/(N</subfield>
    <subfield code="a">Лев Толстой на молитве</subfield>
  </datafield>
  <datafield tag="264" ind1=" " ind2="1">
    <subfield code="6">880-03</subfield>
    <subfield code="a">Moskva :</subfield>
    <subfield code="b">Agraf,</subfield>
    <subfield code="c">2016.</subfield>
  </datafield>
  <datafield tag="880" ind1=" " ind2="1">
    <subfield code="6">264-03/(N</subfield>
    <subfield code="a">Москва :</subfield>
    <subfield code="b">Аграф,</subfield>
    <subfield code="c">2016.</subfield>
  </datafield>
  <datafield tag="264" ind1=" " ind2="4">
    <subfield code="c">©2016</subfield>
  </datafield>
  <datafield tag="300" ind1=" " ind2=" ">
    <subfield code="a">461 pages ;</subfield>
    <subfield code="c">21 cm</subfield>
  </datafield>
  <datafield tag="336" ind1=" " ind2=" ">
    <subfield code="a">text</subfield>
    <subfield code="b">txt</subfield>
    <subfield code="2">rdacontent</subfield>
  </datafield>
  <datafield tag="337" ind1=" " ind2=" ">
    <subfield code="a">unmediated</subfield>
    <subfield code="b">n</subfield>
    <subfield code="2">rdamedia</subfield>
  </datafield>
  <datafield tag="338" ind1=" " ind2=" ">
    <subfield code="a">volume</subfield>
    <subfield code="b">nc</subfield>
    <subfield code="2">rdacarrier</subfield>
  </datafield>
  <datafield tag="504" ind1=" " ind2=" ">
    <subfield code="a">Includes bibliographical references and index.</subfield>
  </datafield>
  <datafield tag="600" ind1="1" ind2="0">
    <subfield code="a">Tolstoy, Leo,</subfield>
    <subfield code="c">graf,</subfield>
    <subfield code="d">1828-1910</subfield>
    <subfield code="v">Diaries.</subfield>
  </datafield>
  <datafield tag="600" ind1="1" ind2="0">
    <subfield code="a">Tolstoy, Leo,</subfield>
    <subfield code="c">graf,</subfield>
    <subfield code="d">1828-1910</subfield>
    <subfield code="x">Religion.</subfield>
  </datafield>
  <datafield tag="700" ind1="1" ind2=" ">
    <subfield code="a">Romanov, S. M.,</subfield>
    <subfield code="e">compiler,</subfield>
    <subfield code="e">writer of introduction,</subfield>
    <subfield code="e">writer of added commentary.</subfield>
  </datafield>
  <datafield tag="923" ind1=" " ind2=" ">
    <subfield code="d">20161221</subfield>
    <subfield code="n">10189151</subfield>
    <subfield code="s">RuMoEVIS</subfield>
  </datafield>
</record>