
<record>
  <leader>01093cpcaa2200277 i 4500</leader>
  <controlfield tag="001">19478312</controlfield>
  <controlfield tag="005">20200102114318.0</controlfield>
  <controlfield tag="008">170203||||||||||||                 eng  </controlfield>
  <datafield tag="906" ind1=" " ind2=" ">
    <subfield code="a">7</subfield>
    <subfield code="b">cbc</subfield>
    <subfield code="c">orignew</subfield>
    <subfield code="d">u</subfield>
    <subfield code="e">ncip</subfield>
    <subfield code="f">20</subfield>
    <subfield code="g">y-manuscri</subfield>
  </datafield>
  <datafield tag="955" ind1=" " ind2=" ">
    <subfield code="a">hh20 2020-01-02 gift to MSS</subfield>
  </datafield>
  <datafield tag="010" ind1=" " ind2=" ">
    <subfield code="a">mm2017086171</subfield>
  </datafield>
  <datafield tag="024" ind1="7" ind2=" ">
    <subfield code="a">MSS86171</subfield>
    <subfield code="2">lcmd</subfield>
  </datafield>
  <datafield tag="040" ind1=" " ind2=" ">
    <subfield code="a">DLC</subfield>
    <subfield code="b">eng</subfield>
    <subfield code="e">dacs</subfield>
    <subfield code="c">DLC</subfield>
    <subfield code="d">DLC</subfield>
  </datafield>
  <datafield tag="072" ind1=" " ind2="7">
    <subfield code="a">R</subfield>
    <subfield code="2">lcmd</subfield>
  </datafield>
  <datafield tag="090" ind1=" " ind2=" ">
    <subfield code="a">Cabin Branch (Unprocessed ac. 24,657)</subfield>
  </datafield>
  <datafield tag="100" ind1="1" ind2=" ">
    <subfield code="a">Custer, Benjamin S.</subfield>
    <subfield code="q">(Benjamin Scott),</subfield>
    <subfield code="d">1905-2002.</subfield>
  </datafield>
  <datafield tag="245" ind1="0" ind2="0">
    <subfield code="a">Benjamin S. Custer papers</subfield>
  </datafield>
  <datafield tag="506" ind1=" " ind2=" ">
    <subfield code="a">Restrictions may apply to unprocessed material.</subfield>
  </datafield>
  <datafield tag="541" ind1=" " ind2=" ">
    <subfield code="c">Gift,</subfield>
    <subfield code="a">B.H. Custer, Benjamin Scott Custer, Jr., and Elizabeth Carson Custer Taylor,</subfield>
    <subfield code="d">2017</subfield>
  </datafield>
  <datafield tag="545" ind1="0" ind2=" ">
    <subfield code="a">U.S. Navy officer.</subfield>
  </datafield>
  <datafield tag="546" ind1=" " ind2=" ">
    <subfield code="a">Collection material in English.</subfield>
  </datafield>
  <datafield tag="583" ind1=" " ind2=" ">
    <subfield code="a">Unprocessed.</subfield>
  </datafield>
  <datafield tag="656" ind1=" " ind2="7">
    <subfield code="a">Naval officers.</subfield>
    <subfield code="2">itoamc</subfield>
  </datafield>
  <datafield tag="852" ind1=" " ind2=" ">
    <subfield code="a">Library of Congress</subfield>
    <subfield code="b">Manuscript Division</subfield>
    <subfield code="e">Washington, D.C. 20540 USA</subfield>
    <subfield code="n">dcu</subfield>
    <subfield code="u">http://hdl.loc.gov/loc.mss/mss.home</subfield>
  </datafield>
  <datafield tag="923" ind1=" " ind2=" ">
    <subfield code="a">Gift</subfield>
    <subfield code="d">20200102</subfield>
    <subfield code="i">Filed under Custer, Benjamin S. Papers, 1926-1972</subfield>
    <subfield code="n">347727</subfield>
    <subfield code="s">Custer, B. H.</subfield>
  </datafield>
  <datafield tag="985" ind1=" " ind2=" ">
    <subfield code="e">MSS.</subfield>
  </datafield>
</record>