
<record>
  <leader>02284cam a22003737i 4500</leader>
  <controlfield tag="001">19479086</controlfield>
  <controlfield tag="005">20200102083950.0</controlfield>
  <controlfield tag="008">170120s2015    ru a     ab   100 0 rus  </controlfield>
  <datafield tag="906" ind1=" " ind2=" ">
    <subfield code="a">7</subfield>
    <subfield code="b">cbc</subfield>
    <subfield code="c">origres</subfield>
    <subfield code="d">3</subfield>
    <subfield code="e">ncip</subfield>
    <subfield code="f">20</subfield>
    <subfield code="g">y-nonroman</subfield>
  </datafield>
  <datafield tag="925" ind1="0" ind2=" ">
    <subfield code="a">acquire</subfield>
    <subfield code="b">1 shelf copy</subfield>
    <subfield code="x">policy default</subfield>
  </datafield>
  <datafield tag="955" ind1=" " ind2=" ">
    <subfield code="b">fe15 2017-03-14 telework to cat.</subfield>
    <subfield code="a">fe00 2017-04-28 to GS/RUS</subfield>
    <subfield code="h">ti68 2019-12-23 to shelf</subfield>
  </datafield>
  <datafield tag="010" ind1=" " ind2=" ">
    <subfield code="a">  2016506917</subfield>
  </datafield>
  <datafield tag="020" ind1=" " ind2=" ">
    <subfield code="a">9785760910691</subfield>
    <subfield code="q">(pbk.)</subfield>
  </datafield>
  <datafield tag="035" ind1=" " ind2=" ">
    <subfield code="a">(RuMoEVIS)ev1188013B</subfield>
  </datafield>
  <datafield tag="040" ind1=" " ind2=" ">
    <subfield code="a">DLC</subfield>
    <subfield code="b">eng</subfield>
    <subfield code="e">rda</subfield>
    <subfield code="c">DLC</subfield>
    <subfield code="d">DLC</subfield>
  </datafield>
  <datafield tag="042" ind1=" " ind2=" ">
    <subfield code="a">pcc</subfield>
  </datafield>
  <datafield tag="050" ind1="0" ind2="0">
    <subfield code="a">MLCS 2019/46075</subfield>
  </datafield>
  <datafield tag="066" ind1=" " ind2=" ">
    <subfield code="c">(N</subfield>
  </datafield>
  <datafield tag="111" ind1="2" ind2=" ">
    <subfield code="a">Mezhdunarodnai︠a︡ nauchno-prakticheskai︠a︡ konferent︠s︡ii︠a︡ &quot;SMI v ontologicheskom i kulʹturnom prostranstve slavi︠a︡nskogo mira : Dni slavi︠a︡nskoĭ pisʹmennosti i kulʹtury&quot;</subfield>
    <subfield code="n">(3rd :</subfield>
    <subfield code="d">2015 :</subfield>
    <subfield code="c">Tverʹ, Russia),</subfield>
    <subfield code="j">author.</subfield>
  </datafield>
  <datafield tag="245" ind1="1" ind2="0">
    <subfield code="6">880-01</subfield>
    <subfield code="a">SMI v ontologicheskom i kulʹturnom prostranstve slavi︠a︡nskogo mira :</subfield>
    <subfield code="b">Dni slavi︠a︡nskoĭ pisʹmennosti i kulʹtury : Sbornik stateĭ III Mezhdunarodnai︠a︡ nauchno-prakticheskai︠a︡ konferent︠s︡ii︠a︡ 20-21 mai︠a︡ 2015 goda /</subfield>
    <subfield code="c">Pod obshcheĭ red. prof. E.N. Bryzgalovoĭ.</subfield>
  </datafield>
  <datafield tag="880" ind1="1" ind2="0">
    <subfield code="6">245-01/(N</subfield>
    <subfield code="a">СМИ в онтологическом и культурном пространстве славянского мира :</subfield>
    <subfield code="b">Дни славянской письменности и культуры : Сборник статей III Международная научно-практическая конференция 20-21 мая 2015 года /</subfield>
    <subfield code="c">Под общей ред. проф. Е.Н. Брызгаловой.</subfield>
  </datafield>
  <datafield tag="264" ind1=" " ind2="1">
    <subfield code="6">880-02</subfield>
    <subfield code="a">Tverʹ :</subfield>
    <subfield code="b">Tverskoĭ gosudarstvennyĭ universitet,</subfield>
    <subfield code="c">2015.</subfield>
  </datafield>
  <datafield tag="880" ind1=" " ind2="1">
    <subfield code="6">264-02/(N</subfield>
    <subfield code="a">Тверь :</subfield>
    <subfield code="b">Тверской государственный университет,</subfield>
    <subfield code="c">2015.</subfield>
  </datafield>
  <datafield tag="300" ind1=" " ind2=" ">
    <subfield code="a">199 pages :</subfield>
    <subfield code="b">illustrations ;</subfield>
    <subfield code="c">21 cm</subfield>
  </datafield>
  <datafield tag="336" ind1=" " ind2=" ">
    <subfield code="a">text</subfield>
    <subfield code="b">txt</subfield>
    <subfield code="2">rdacontent</subfield>
  </datafield>
  <datafield tag="337" ind1=" " ind2=" ">
    <subfield code="a">unmediated</subfield>
    <subfield code="b">n</subfield>
    <subfield code="2">rdamedia</subfield>
  </datafield>
  <datafield tag="338" ind1=" " ind2=" ">
    <subfield code="a">volume</subfield>
    <subfield code="b">nc</subfield>
    <subfield code="2">rdacarrier</subfield>
  </datafield>
  <datafield tag="500" ind1=" " ind2=" ">
    <subfield code="a">Minimal Level Cataloging Plus</subfield>
    <subfield code="5">DLC</subfield>
  </datafield>
  <datafield tag="504" ind1=" " ind2=" ">
    <subfield code="a">Includes bibliographical references.</subfield>
  </datafield>
  <datafield tag="650" ind1=" " ind2="0">
    <subfield code="a">Mass media</subfield>
    <subfield code="z">Russia (Federation)</subfield>
    <subfield code="v">Congresses.</subfield>
  </datafield>
  <datafield tag="700" ind1="1" ind2=" ">
    <subfield code="a">Bryzgalova, Elena,</subfield>
    <subfield code="e">editor.</subfield>
  </datafield>
  <datafield tag="923" ind1=" " ind2=" ">
    <subfield code="d">20170120</subfield>
    <subfield code="n">10191107</subfield>
    <subfield code="s">RuMoEVIS</subfield>
  </datafield>
  <datafield tag="985" ind1=" " ind2=" ">
    <subfield code="e">VENDOR LOAD</subfield>
  </datafield>
  <datafield tag="985" ind1=" " ind2=" ">
    <subfield code="e">FLMC contract</subfield>
  </datafield>
</record>