
<record>
  <leader>03436cam a2200421 i 4500</leader>
  <controlfield tag="001">19485801</controlfield>
  <controlfield tag="005">20200102123436.0</controlfield>
  <controlfield tag="008">170208s2016    ru       b    100 0 rus c</controlfield>
  <datafield tag="906" ind1=" " ind2=" ">
    <subfield code="a">0</subfield>
    <subfield code="b">ibc</subfield>
    <subfield code="c">pccadap</subfield>
    <subfield code="d">3</subfield>
    <subfield code="e">ncip</subfield>
    <subfield code="f">20</subfield>
    <subfield code="g">y-nonroman</subfield>
  </datafield>
  <datafield tag="925" ind1="0" ind2=" ">
    <subfield code="a">acquire</subfield>
    <subfield code="b">1 shelf copies</subfield>
    <subfield code="x">policy default</subfield>
  </datafield>
  <datafield tag="955" ind1=" " ind2=" ">
    <subfield code="b">fe18 2017-02-08</subfield>
    <subfield code="a">fe00 2017-02-08 to GS/RUS</subfield>
    <subfield code="a">fe08 2019-12-18 to GS/RUS</subfield>
    <subfield code="b">fe08 2019-12-18 z-processor</subfield>
    <subfield code="i">fe08 2020-01-02 telework to BCCD</subfield>
  </datafield>
  <datafield tag="010" ind1=" " ind2=" ">
    <subfield code="a">  2016506123</subfield>
  </datafield>
  <datafield tag="020" ind1=" " ind2=" ">
    <subfield code="a">9785437601532</subfield>
  </datafield>
  <datafield tag="020" ind1=" " ind2=" ">
    <subfield code="a">5437601530</subfield>
  </datafield>
  <datafield tag="035" ind1=" " ind2=" ">
    <subfield code="a">(OCoLC)ocn982369174</subfield>
  </datafield>
  <datafield tag="040" ind1=" " ind2=" ">
    <subfield code="a">HUL</subfield>
    <subfield code="b">eng</subfield>
    <subfield code="e">rda</subfield>
    <subfield code="c">HUL</subfield>
    <subfield code="d">OCLCO</subfield>
    <subfield code="d">OCLCF</subfield>
    <subfield code="d">CGU</subfield>
    <subfield code="d">IUL</subfield>
    <subfield code="d">OCL</subfield>
    <subfield code="d">OCLCA</subfield>
    <subfield code="d">TJC</subfield>
    <subfield code="d">OCLCQ</subfield>
    <subfield code="d">NOC</subfield>
    <subfield code="d">NYP</subfield>
    <subfield code="d">DLC</subfield>
  </datafield>
  <datafield tag="042" ind1=" " ind2=" ">
    <subfield code="a">pcc</subfield>
  </datafield>
  <datafield tag="050" ind1="0" ind2="0">
    <subfield code="a">PG3458</subfield>
    <subfield code="b">.M49 2015</subfield>
  </datafield>
  <datafield tag="066" ind1=" " ind2=" ">
    <subfield code="c">(N</subfield>
  </datafield>
  <datafield tag="111" ind1="2" ind2=" ">
    <subfield code="a">Mezhdunarodnai︠a︡ nauchnai︠a︡ konferent︠s︡ii︠a︡ &quot;Lichnai︠a︡ biblioteka A.P. Chekhova: literaturnoe okruzhenie i ėpokha&quot;</subfield>
    <subfield code="d">(2015 :</subfield>
    <subfield code="c">Taganrog, Russia)</subfield>
  </datafield>
  <datafield tag="245" ind1="1" ind2="0">
    <subfield code="6">880-01</subfield>
    <subfield code="a">Lichnai︠a︡ biblioteka A.P. Chekhova :</subfield>
    <subfield code="b">literaturnoe okruzhenie i ėpokha : materialy Mezhdunarodnoĭ nauchnoĭ konferent︠s︡ii, Taganrog, 2015 /</subfield>
    <subfield code="c">M.Ch. Larionova (otvetstvennyĭ redaktor) ; [32 other contributors].</subfield>
  </datafield>
  <datafield tag="880" ind1="1" ind2="0">
    <subfield code="6">245-01/(N</subfield>
    <subfield code="a">Личная библиотека А.П. Чехова :</subfield>
    <subfield code="b">литературное окружение и эпоха : материалы Международной научной конференции, Таганрог, 2015 /</subfield>
    <subfield code="c">М.Ч. Ларионова (ответственный редактор) ; [32 отhер cонтрибуторс].</subfield>
  </datafield>
  <datafield tag="264" ind1=" " ind2="1">
    <subfield code="6">880-02</subfield>
    <subfield code="a">Rostov-na-Donu :</subfield>
    <subfield code="b">Foundation,</subfield>
    <subfield code="c">2016.</subfield>
  </datafield>
  <datafield tag="880" ind1=" " ind2="1">
    <subfield code="6">264-02/(N</subfield>
    <subfield code="a">Ростов-на-Дону :</subfield>
    <subfield code="b">Фоундатион,</subfield>
    <subfield code="c">2016.</subfield>
  </datafield>
  <datafield tag="300" ind1=" " ind2=" ">
    <subfield code="a">344 pages ;</subfield>
    <subfield code="c">21 cm</subfield>
  </datafield>
  <datafield tag="336" ind1=" " ind2=" ">
    <subfield code="a">text</subfield>
    <subfield code="b">txt</subfield>
    <subfield code="2">rdacontent</subfield>
  </datafield>
  <datafield tag="337" ind1=" " ind2=" ">
    <subfield code="a">unmediated</subfield>
    <subfield code="b">n</subfield>
    <subfield code="2">rdamedia</subfield>
  </datafield>
  <datafield tag="338" ind1=" " ind2=" ">
    <subfield code="a">volume</subfield>
    <subfield code="b">nc</subfield>
    <subfield code="2">rdacarrier</subfield>
  </datafield>
  <datafield tag="500" ind1=" " ind2=" ">
    <subfield code="6">880-03</subfield>
    <subfield code="a">At head of title: Ministerstvo kulʹtury Rostovskoĭ oblasti. Taganrogskiĭ gosudarstvennyĭ literaturnyĭ i istoriko-arkhitekturnyĭ muzeĭ-zapovednik. Chekhovskai︠a︡ komissii︠a︡ RAN. Institut sot︠s︡ialʹno-ėkonomicheskikh i gumanitarnykh issledovaniĭ I︠U︡zhnogo nauchnogo t︠s︡entra RAN.</subfield>
  </datafield>
  <datafield tag="880" ind1=" " ind2=" ">
    <subfield code="6">500-03/(N</subfield>
    <subfield code="a">At head of title: Министерство культуры Ростовской области. Таганрогский государственный литературный и историко-архитектурный музей-заповедник. Чеховская комиссия РАН. Институт социально-экономических и гуманитарных исследований Южного научного центра РАН.</subfield>
  </datafield>
  <datafield tag="504" ind1=" " ind2=" ">
    <subfield code="a">Includes bibliographical references.</subfield>
  </datafield>
  <datafield tag="600" ind1="1" ind2="0">
    <subfield code="a">Chekhov, Anton Pavlovich,</subfield>
    <subfield code="d">1860-1904</subfield>
    <subfield code="x">Library</subfield>
    <subfield code="v">Congresses.</subfield>
  </datafield>
  <datafield tag="600" ind1="1" ind2="0">
    <subfield code="a">Chekhov, Anton Pavlovich,</subfield>
    <subfield code="d">1860-1904</subfield>
    <subfield code="x">Books and reading</subfield>
    <subfield code="v">Congresses.</subfield>
  </datafield>
  <datafield tag="700" ind1="1" ind2=" ">
    <subfield code="a">Larionova, M. Ch.</subfield>
    <subfield code="q">(Marina Chengarovna),</subfield>
    <subfield code="e">editor,</subfield>
    <subfield code="e">author.</subfield>
  </datafield>
  <datafield tag="710" ind1="2" ind2=" ">
    <subfield code="a">Taganrogskiĭ gosudarstvennyĭ literaturnyĭ i istoriko-arkhitekturnyĭ muzeĭ-zapovednik,</subfield>
    <subfield code="e">organizer.</subfield>
  </datafield>
  <datafield tag="710" ind1="2" ind2=" ">
    <subfield code="a">Nauchnyĭ sovet po istorii mirovoĭ kulʹtury (Rossiĭskai︠a︡ akademii︠a︡ nauk).</subfield>
    <subfield code="b">Chekhovskai︠a︡ komissii︠a︡,</subfield>
    <subfield code="e">organizer.</subfield>
  </datafield>
  <datafield tag="710" ind1="2" ind2=" ">
    <subfield code="a">Rossiĭskai︠a︡ akademii︠a︡ nauk.</subfield>
    <subfield code="b">I︠U︡zhnyĭ nauchnyĭ t︠s︡entr.</subfield>
    <subfield code="b">Institut sot︠s︡ialʹno-ėkonomicheskikh i gumanitarnykh issledovaniĭ,</subfield>
    <subfield code="e">organizer.</subfield>
  </datafield>
  <datafield tag="923" ind1=" " ind2=" ">
    <subfield code="s">exchange/gift</subfield>
  </datafield>
</record>