
<record>
  <leader>02841cam a2200433 i 4500</leader>
  <controlfield tag="001">19505460</controlfield>
  <controlfield tag="005">20200102163654.0</controlfield>
  <controlfield tag="008">160826s2015    mx a          000 0 spa  </controlfield>
  <datafield tag="906" ind1=" " ind2=" ">
    <subfield code="a">7</subfield>
    <subfield code="b">cbc</subfield>
    <subfield code="c">origres</subfield>
    <subfield code="d">3</subfield>
    <subfield code="e">ncip</subfield>
    <subfield code="f">20</subfield>
    <subfield code="g">y-gencatlg</subfield>
  </datafield>
  <datafield tag="925" ind1="0" ind2=" ">
    <subfield code="a">acquire</subfield>
    <subfield code="b">1 shelf copy</subfield>
    <subfield code="x">policy default</subfield>
  </datafield>
  <datafield tag="955" ind1=" " ind2=" ">
    <subfield code="b">bf27 2017-03-23 to ALAWE/MCAC</subfield>
    <subfield code="b">bf03 2017-04-11 z-processor</subfield>
    <subfield code="d">bf09 2017-05-09 (telework)</subfield>
    <subfield code="e">bf09 2019-01-30 (telework)</subfield>
  </datafield>
  <datafield tag="010" ind1=" " ind2=" ">
    <subfield code="a">  2016514655</subfield>
  </datafield>
  <datafield tag="020" ind1=" " ind2=" ">
    <subfield code="a">9786070272493</subfield>
  </datafield>
  <datafield tag="020" ind1=" " ind2=" ">
    <subfield code="a">6070272498</subfield>
  </datafield>
  <datafield tag="035" ind1=" " ind2=" ">
    <subfield code="a">(OCoLC)ocn957531015</subfield>
  </datafield>
  <datafield tag="040" ind1=" " ind2=" ">
    <subfield code="a">DLC</subfield>
    <subfield code="b">eng</subfield>
    <subfield code="c">DLC</subfield>
    <subfield code="e">rda</subfield>
    <subfield code="d">DLC</subfield>
  </datafield>
  <datafield tag="041" ind1="1" ind2=" ">
    <subfield code="a">eng</subfield>
    <subfield code="a">spa</subfield>
    <subfield code="h">spa</subfield>
  </datafield>
  <datafield tag="042" ind1=" " ind2=" ">
    <subfield code="a">pcc</subfield>
  </datafield>
  <datafield tag="050" ind1="0" ind2="0">
    <subfield code="a">PQ7298.418.E735</subfield>
    <subfield code="b">G73 2015</subfield>
  </datafield>
  <datafield tag="100" ind1="1" ind2=" ">
    <subfield code="a">Hernández, Agustín,</subfield>
    <subfield code="d">1924-</subfield>
    <subfield code="e">author.</subfield>
  </datafield>
  <datafield tag="245" ind1="1" ind2="0">
    <subfield code="a">Gravedad geometría y simbolismo /</subfield>
    <subfield code="c">arquitecto Agustín Hernández Navarro.</subfield>
  </datafield>
  <datafield tag="246" ind1="3" ind2="1">
    <subfield code="a">Gravity, geometry, symbolism</subfield>
  </datafield>
  <datafield tag="250" ind1=" " ind2=" ">
    <subfield code="a">Primera edición.</subfield>
  </datafield>
  <datafield tag="264" ind1=" " ind2="1">
    <subfield code="a">México, D.F. :</subfield>
    <subfield code="b">Universidad Nacional Autonoma de Mexico, Facultad de Arquitectura,</subfield>
    <subfield code="c">2015.</subfield>
  </datafield>
  <datafield tag="300" ind1=" " ind2=" ">
    <subfield code="a">255 pages :</subfield>
    <subfield code="b">illustrations ;</subfield>
    <subfield code="c">22 x 24 cm.</subfield>
  </datafield>
  <datafield tag="336" ind1=" " ind2=" ">
    <subfield code="a">text</subfield>
    <subfield code="b">txt</subfield>
    <subfield code="2">rdacontent</subfield>
  </datafield>
  <datafield tag="336" ind1=" " ind2=" ">
    <subfield code="a">still image</subfield>
    <subfield code="b">sti</subfield>
    <subfield code="2">rdacontent</subfield>
  </datafield>
  <datafield tag="337" ind1=" " ind2=" ">
    <subfield code="a">unmediated</subfield>
    <subfield code="b">n</subfield>
    <subfield code="2">rdamedia</subfield>
  </datafield>
  <datafield tag="338" ind1=" " ind2=" ">
    <subfield code="a">volume</subfield>
    <subfield code="b">nc</subfield>
    <subfield code="2">rdacarrier</subfield>
  </datafield>
  <datafield tag="500" ind1=" " ind2=" ">
    <subfield code="a">English title from page [188].</subfield>
  </datafield>
  <datafield tag="505" ind1="8" ind2=" ">
    <subfield code="a">Presentación / Marcos Mazari Hiriart -- Prefacio / Johanna Lozoya -- Prólogo a la primera edición / Beatriz de la Fuente -- Gravedad -- Geometría -- Simbolismo -- MANOS Y CANTAR DE PIEDRAS -- Neolítico. Piedra y espacio -- Egipto. Piedra, sol y tinieblas -- Grecia. Mármol de la razón -- Roma. Revolución espacial -- Romántico. Piedras simbólicas -- Gótico. Piedras estructurales -- UNIVERSO GEOMETRICO -- Espacio del hombre -- Arquetipos espaciales -- PRAXIS Y PENSAMIENTO -- Manos y tierra -- Presentation / Marcos Mazari Hiriart -- Foreword / Johanna Lozoya -- Prologue / Beatriz de la Fuente -- Hands and stones singing -- Neolithic. Stone and space -- Egypt. Sun, Stone and darkness -- Greece. The marble of reason -- Rome. Spatial revolution -- Romantic. Symbolic stones -- Gothic. Structural stones GEOMETRIC REVOLUTION Human space Spatial archetypes -- PRAXIS &amp; thought -- Earth and hands.</subfield>
  </datafield>
  <datafield tag="520" ind1=" " ind2=" ">
    <subfield code="a">In his book that largely consists of European references noted architect Agustin Hernandez combines architecture, with art and poetry to explain the symbolic, gravitational and geometric characteristics of ancient, classic and gothic architecture.</subfield>
  </datafield>
  <datafield tag="650" ind1=" " ind2="0">
    <subfield code="a">Architecture</subfield>
    <subfield code="v">Poetry.</subfield>
  </datafield>
  <datafield tag="650" ind1=" " ind2="0">
    <subfield code="a">Geometry</subfield>
    <subfield code="v">Poetry.</subfield>
  </datafield>
  <datafield tag="700" ind1="1" ind2="2">
    <subfield code="a">Hernández, Agustín,</subfield>
    <subfield code="d">1924-</subfield>
    <subfield code="t">Gravedad geometría y simbolismo.</subfield>
  </datafield>
  <datafield tag="700" ind1="1" ind2="2">
    <subfield code="a">Hernández, Agustín,</subfield>
    <subfield code="d">1924-</subfield>
    <subfield code="t">Gravedad geometría y simbolismo.</subfield>
    <subfield code="l">English.</subfield>
  </datafield>
  <datafield tag="952" ind1=" " ind2=" ">
    <subfield code="a">p. 4 of cover (Agustín Hernández Navarro) front flap (arquitect and poet)</subfield>
  </datafield>
  <datafield tag="923" ind1=" " ind2=" ">
    <subfield code="d">20170126</subfield>
    <subfield code="n">75581</subfield>
    <subfield code="s">CVcHKB</subfield>
  </datafield>
  <datafield tag="985" ind1=" " ind2=" ">
    <subfield code="e">VENDOR LOAD</subfield>
  </datafield>
</record>