
<record>
  <leader>03435cam a2200541 i 4500</leader>
  <controlfield tag="001">19509688</controlfield>
  <controlfield tag="005">20200102165701.0</controlfield>
  <controlfield tag="008">170222s2016    nyua     b    000 0dheb  </controlfield>
  <datafield tag="906" ind1=" " ind2=" ">
    <subfield code="a">7</subfield>
    <subfield code="b">cbc</subfield>
    <subfield code="c">origres</subfield>
    <subfield code="d">3</subfield>
    <subfield code="e">ncip</subfield>
    <subfield code="f">20</subfield>
    <subfield code="g">y-nonroman</subfield>
  </datafield>
  <datafield tag="925" ind1="0" ind2=" ">
    <subfield code="a">acquire</subfield>
    <subfield code="b">1 shelf copy</subfield>
    <subfield code="x">policy default</subfield>
  </datafield>
  <datafield tag="955" ind1=" " ind2=" ">
    <subfield code="b">cd23 2017-02-22 z-processor JACKPHY;</subfield>
    <subfield code="a">cd00 2017-02-22 to ASME/IJ;</subfield>
    <subfield code="a">cd23 2018-05-07 to cd23 for full cat.;</subfield>
    <subfield code="i">cd23 2018-05-18 telework to cd01 for review;</subfield>
    <subfield code="r">cd01 2018-06-05 reviewed, returned to cd23;</subfield>
    <subfield code="a">cd23 2018-06-05 revised, to Quality Assurance and then to Hebraic shelves ;</subfield>
    <subfield code="r">cd08 2018-06-27 QA to AMED truck;</subfield>
    <subfield code="a">cd23 2020-01-02 telework Bibframe ymey</subfield>
  </datafield>
  <datafield tag="010" ind1=" " ind2=" ">
    <subfield code="a">  2016452726</subfield>
  </datafield>
  <datafield tag="040" ind1=" " ind2=" ">
    <subfield code="a">DLC</subfield>
    <subfield code="b">eng</subfield>
    <subfield code="e">rda</subfield>
    <subfield code="c">DLC</subfield>
  </datafield>
  <datafield tag="042" ind1=" " ind2=" ">
    <subfield code="a">pcc</subfield>
  </datafield>
  <datafield tag="050" ind1="0" ind2="0">
    <subfield code="a">BM504.2</subfield>
    <subfield code="b">.F53 2016</subfield>
  </datafield>
  <datafield tag="066" ind1=" " ind2=" ">
    <subfield code="c">(2</subfield>
  </datafield>
  <datafield tag="100" ind1="1" ind2=" ">
    <subfield code="6">880-01</subfield>
    <subfield code="a">Firsṭ, Yeshaʻy.</subfield>
    <subfield code="q">(Yeshaʻyah),</subfield>
    <subfield code="d">1856-1943,</subfield>
    <subfield code="e">author.</subfield>
  </datafield>
  <datafield tag="880" ind1="1" ind2=" ">
    <subfield code="6">100-01/(2/r‏</subfield>
    <subfield code="a">‏פירסט, ישעי&apos;.</subfield>
  </datafield>
  <datafield tag="240" ind1="1" ind2="0">
    <subfield code="a">Works.</subfield>
    <subfield code="k">Selections</subfield>
  </datafield>
  <datafield tag="245" ind1="1" ind2="0">
    <subfield code="6">880-02</subfield>
    <subfield code="a">Sefer Ḥazon Yeshaʻy. /</subfield>
    <subfield code="c">asher heniaḥ aḥaraṿ berakhah ha-rav ha-gaʼon ha-tsadiḳ ha-mefursam maran Rabi Yeshaʻy. Firsṭ, z. ts. ṿe-ḳ. l., ben ha-rav ha-g. ha-ts. mo. ha-R. Mosheh Firsṭ, zatsal.</subfield>
  </datafield>
  <datafield tag="880" ind1="1" ind2="0">
    <subfield code="6">245-02/(2/r‏</subfield>
    <subfield code="a">‏ספר חזון ישעי׳ /‏</subfield>
    <subfield code="c">‏אשר הניח אחריו ברכה הרב הגאון הצדיק המפורסם מרן רבי ישעי׳ פירסט, זצוק&quot;ל, בן הרב הגה&quot;צ מוה&quot;ר משה פירסט, זצ&quot;ל.</subfield>
  </datafield>
  <datafield tag="246" ind1="3" ind2=" ">
    <subfield code="6">880-03</subfield>
    <subfield code="a">Ḥazon Yeshaʻyah</subfield>
  </datafield>
  <datafield tag="880" ind1="3" ind2=" ">
    <subfield code="6">246-03/(2/r‏</subfield>
    <subfield code="a">‏חזון ישעיה</subfield>
  </datafield>
  <datafield tag="246" ind1="1" ind2="7">
    <subfield code="6">880-04</subfield>
    <subfield code="a">Ḥazon Yeshaʻy.</subfield>
  </datafield>
  <datafield tag="880" ind1="1" ind2="7">
    <subfield code="6">246-04/(2/r‏</subfield>
    <subfield code="a">‏חזון ישעי&apos;</subfield>
  </datafield>
  <datafield tag="250" ind1=" " ind2=" ">
    <subfield code="6">880-05</subfield>
    <subfield code="a">Ṿe-ʻatah yatsa la-or me-ḥadash ʻim harbeh tiḳunim ṿe-hosafot be-tseruf osef mikhtavim she-yatsa ʻatah la-rishonah.</subfield>
  </datafield>
  <datafield tag="880" ind1=" " ind2=" ">
    <subfield code="6">250-05/(2/r‏</subfield>
    <subfield code="a">‏ועתה יצא לאור מחדש עם הרבה תיקונים והוספות בצירוף אוסף מכתבים שיוצא עתה לראשונה.</subfield>
  </datafield>
  <datafield tag="264" ind1=" " ind2="1">
    <subfield code="6">880-06</subfield>
    <subfield code="a">Bruḳlin :</subfield>
    <subfield code="b">[Shelomoh Daṿid Grinhuṭ],</subfield>
    <subfield code="c">776 [2016]</subfield>
  </datafield>
  <datafield tag="880" ind1=" " ind2="1">
    <subfield code="6">264-06/(2/r‏</subfield>
    <subfield code="a">‏ברוקלין :‏</subfield>
    <subfield code="b">‏[שלמה דוד גרינהוט],‏</subfield>
    <subfield code="c">‏תשע&quot;ו.</subfield>
  </datafield>
  <datafield tag="300" ind1=" " ind2=" ">
    <subfield code="a">1 volume (various pagings) :</subfield>
    <subfield code="b">illustrations ;</subfield>
    <subfield code="c">26 cm</subfield>
  </datafield>
  <datafield tag="336" ind1=" " ind2=" ">
    <subfield code="a">text</subfield>
    <subfield code="b">txt</subfield>
    <subfield code="2">rdacontent</subfield>
  </datafield>
  <datafield tag="337" ind1=" " ind2=" ">
    <subfield code="a">unmediated</subfield>
    <subfield code="b">n</subfield>
    <subfield code="2">rdamedia</subfield>
  </datafield>
  <datafield tag="338" ind1=" " ind2=" ">
    <subfield code="a">volume</subfield>
    <subfield code="b">nc</subfield>
    <subfield code="2">rdacarrier</subfield>
  </datafield>
  <datafield tag="500" ind1=" " ind2=" ">
    <subfield code="6">880-07</subfield>
    <subfield code="a">&quot;Huva le-ve. ha-d. ʻa. y. talmid ha-meḥaber mo. h. Ḥayim Grinhuṭ, zal, be-faʻam rishonah bi-shenat 746 li-p. ḳ.&quot;</subfield>
  </datafield>
  <datafield tag="880" ind1=" " ind2=" ">
    <subfield code="6">500-07/(2/r‏</subfield>
    <subfield code="a">‏&quot;הובא לביה&quot;ד ע&quot;י תלמיד המחבר מו&quot;ה חיים גרינהוט, ז&quot;ל, בפעם ראשונה בשנת תשמ&quot;ו לפ&quot;ק.&quot;</subfield>
  </datafield>
  <datafield tag="504" ind1=" " ind2=" ">
    <subfield code="a">Includes bibliographical references.</subfield>
  </datafield>
  <datafield tag="505" ind1="0" ind2=" ">
    <subfield code="a">ʻAl ha-Torah u-moʻadim ṿe-agadot ha-Shas -- ʻAl sugyot ha-Shas, ṿe-sheʼelot u-teshuvot, u-mikhtavim.</subfield>
  </datafield>
  <datafield tag="630" ind1="0" ind2="0">
    <subfield code="a">Talmud</subfield>
    <subfield code="x">Criticism, interpretation, etc.</subfield>
  </datafield>
  <datafield tag="650" ind1=" " ind2="0">
    <subfield code="a">Responsa</subfield>
    <subfield code="y">1800-1948.</subfield>
  </datafield>
  <datafield tag="630" ind1="0" ind2="0">
    <subfield code="a">Bible.</subfield>
    <subfield code="p">Pentateuch</subfield>
    <subfield code="v">Sermons.</subfield>
  </datafield>
  <datafield tag="650" ind1=" " ind2="0">
    <subfield code="a">Jewish festival-day sermons.</subfield>
  </datafield>
  <datafield tag="650" ind1=" " ind2="0">
    <subfield code="a">Jewish sermons, Hebrew.</subfield>
  </datafield>
  <datafield tag="600" ind1="1" ind2="0">
    <subfield code="a">Firsṭ, Yeshaʻy.</subfield>
    <subfield code="q">(Yeshaʻyah),</subfield>
    <subfield code="d">1856-1943</subfield>
    <subfield code="v">Correspondence.</subfield>
  </datafield>
  <datafield tag="700" ind1="1" ind2=" ">
    <subfield code="6">880-08</subfield>
    <subfield code="a">Grinhuṭ, Ḥayim,</subfield>
    <subfield code="d">-2008,</subfield>
    <subfield code="e">editor.</subfield>
  </datafield>
  <datafield tag="880" ind1="1" ind2=" ">
    <subfield code="6">700-08/(2/r‏</subfield>
    <subfield code="a">‏גרינהוט, חיים.</subfield>
  </datafield>
  <datafield tag="700" ind1="1" ind2=" ">
    <subfield code="6">880-09</subfield>
    <subfield code="a">Grinhuṭ, Shelomoh Daṿid ben Ḥayim,</subfield>
    <subfield code="e">editor.</subfield>
  </datafield>
  <datafield tag="880" ind1="1" ind2=" ">
    <subfield code="6">700-09/(2/r‏</subfield>
    <subfield code="a">‏גרינהוט, שלמה דוד בן חיים.</subfield>
  </datafield>
  <datafield tag="985" ind1=" " ind2=" ">
    <subfield code="a">BibframePilot2</subfield>
    <subfield code="e">20180504</subfield>
  </datafield>
</record>