
<record>
  <leader>02859cam a2200445 i 4500</leader>
  <controlfield tag="001">19522179</controlfield>
  <controlfield tag="005">20200102183215.0</controlfield>
  <controlfield tag="008">170224t20162016nyua          000 0dheb  </controlfield>
  <datafield tag="906" ind1=" " ind2=" ">
    <subfield code="a">7</subfield>
    <subfield code="b">cbc</subfield>
    <subfield code="c">origres</subfield>
    <subfield code="d">3</subfield>
    <subfield code="e">ncip</subfield>
    <subfield code="f">20</subfield>
    <subfield code="g">y-nonroman</subfield>
  </datafield>
  <datafield tag="925" ind1="0" ind2=" ">
    <subfield code="a">acquire</subfield>
    <subfield code="b">1 shelf copy</subfield>
    <subfield code="x">policy default</subfield>
  </datafield>
  <datafield tag="955" ind1=" " ind2=" ">
    <subfield code="b">cd01 2017-02-24 z-processor JACKPHY;</subfield>
    <subfield code="a">cd00 2017-02-24 to ASME/IJ;</subfield>
    <subfield code="a">cd23 2018-09-05 to cd23 for full cat.;</subfield>
    <subfield code="i">cd23 2018-10-11 telework to Hebraic shelves;</subfield>
    <subfield code="a">cd23 2020-01-02 telework Bibframe ymey</subfield>
  </datafield>
  <datafield tag="010" ind1=" " ind2=" ">
    <subfield code="a">  2016515541</subfield>
  </datafield>
  <datafield tag="040" ind1=" " ind2=" ">
    <subfield code="a">DLC</subfield>
    <subfield code="b">eng</subfield>
    <subfield code="e">rda</subfield>
    <subfield code="c">DLC</subfield>
  </datafield>
  <datafield tag="042" ind1=" " ind2=" ">
    <subfield code="a">pcc</subfield>
  </datafield>
  <datafield tag="050" ind1="0" ind2="0">
    <subfield code="a">BM45</subfield>
    <subfield code="b">.R27 2016</subfield>
  </datafield>
  <datafield tag="066" ind1=" " ind2=" ">
    <subfield code="c">(2</subfield>
  </datafield>
  <datafield tag="100" ind1="1" ind2=" ">
    <subfield code="6">880-01</subfield>
    <subfield code="a">Rabinovits, Barukh Yehoshuʻa Yeraḥmiʼel,</subfield>
    <subfield code="e">author.</subfield>
  </datafield>
  <datafield tag="880" ind1="1" ind2=" ">
    <subfield code="6">100-01/(2/r‏</subfield>
    <subfield code="a">‏רבינוביץ׳, ברוך יהושע ירחמיאל.</subfield>
  </datafield>
  <datafield tag="240" ind1="1" ind2="0">
    <subfield code="a">Essays.</subfield>
    <subfield code="k">Selections</subfield>
  </datafield>
  <datafield tag="245" ind1="1" ind2="0">
    <subfield code="6">880-02</subfield>
    <subfield code="a">Sefer Ḥeshev nevonim :</subfield>
    <subfield code="b">maʼamarim niflaʼim ṿe-yesodiyim ba-halakhah ṿe-agadah /</subfield>
    <subfield code="c">me-et ha-admor Rabi Barukh Yehoshuʻa Yeraḥmiʼel Rabinovits, zatsal, ḥatna de-be neśiʼah ha-&apos;Minḥat Elʻazar&apos; mi-Munḳaṭsh, zatsal, a.b.d.ḳ.ḳ. Munḳaṭsh, a.b.d. de-San  Paʼolo, rav ha-rashi de-ʻir Ḥolon, uve-sof yamaṿ be-Petaḥ-Tiḳvah ; neʻerakh ṿe-nehedar ṿe-huva li-defus ʻa. y. ben-aḥiṿ ha-Rav Natan David Rabinovits.</subfield>
  </datafield>
  <datafield tag="880" ind1="1" ind2="0">
    <subfield code="6">245-02/(2/r‏</subfield>
    <subfield code="a">‏ספר חשב נבונים :‏</subfield>
    <subfield code="b">‏מאמרים נפלאים ויסודיים בהלכה ואגדה /‏</subfield>
    <subfield code="c">‏מאת האדמו&quot;ר רבי ברוך יהושע ירחמיאל רבינוביץ, זצ&quot;ל, חתנא דבי נשיאה ה&apos;מנחת אלעזר&apos; ממונקאטש, זצ&quot;ל, אבדק&quot;ק מונקאטש, אב&quot;ד דסאן פאולו, רב הראשי דעיר חולון ובסוף ימיו בפתח-תקוה ; נערך והובא לדפוס ע&quot;י בן-אחיו הרב נתן דוד רבינוביץ.</subfield>
  </datafield>
  <datafield tag="246" ind1="3" ind2=" ">
    <subfield code="a">Ḥashav nevonim</subfield>
  </datafield>
  <datafield tag="246" ind1="1" ind2="4">
    <subfield code="6">880-03</subfield>
    <subfield code="a">Ḥeshev nevonim</subfield>
  </datafield>
  <datafield tag="880" ind1="1" ind2="4">
    <subfield code="6">246-03/(2/r‏</subfield>
    <subfield code="a">‏חשב נבונים</subfield>
  </datafield>
  <datafield tag="264" ind1=" " ind2="1">
    <subfield code="6">880-04</subfield>
    <subfield code="a">Nyu-Yorḳ ;</subfield>
    <subfield code="a">Yerushalayim :</subfield>
    <subfield code="b">Natan Daṿid Rabinovits ;</subfield>
    <subfield code="b">Mosdot Ahavat Torah,</subfield>
    <subfield code="c">776 [2016]</subfield>
  </datafield>
  <datafield tag="880" ind1=" " ind2="1">
    <subfield code="6">264-04/(2/r‏</subfield>
    <subfield code="a">‏ניו-יארק ;‏</subfield>
    <subfield code="a">‏ירושלים :‏</subfield>
    <subfield code="b">‏נתן דוד רבינוביץ ;‏</subfield>
    <subfield code="b">‏מוסדות אהבת תורה,‏</subfield>
    <subfield code="c">‏תשע&quot;ו.</subfield>
  </datafield>
  <datafield tag="264" ind1=" " ind2="4">
    <subfield code="6">880-05</subfield>
    <subfield code="c">©776=2016</subfield>
  </datafield>
  <datafield tag="880" ind1=" " ind2="4">
    <subfield code="6">264-05/(2/r‏</subfield>
    <subfield code="c">‏©תשע&quot;ו=2016</subfield>
  </datafield>
  <datafield tag="300" ind1=" " ind2=" ">
    <subfield code="a">145 pages :</subfield>
    <subfield code="b">illustrations ;</subfield>
    <subfield code="c">25 cm</subfield>
  </datafield>
  <datafield tag="336" ind1=" " ind2=" ">
    <subfield code="a">text</subfield>
    <subfield code="b">txt</subfield>
    <subfield code="2">rdacontent</subfield>
  </datafield>
  <datafield tag="337" ind1=" " ind2=" ">
    <subfield code="a">unmediated</subfield>
    <subfield code="b">n</subfield>
    <subfield code="2">rdamedia</subfield>
  </datafield>
  <datafield tag="338" ind1=" " ind2=" ">
    <subfield code="a">volume</subfield>
    <subfield code="b">nc</subfield>
    <subfield code="2">rdacarrier</subfield>
  </datafield>
  <datafield tag="504" ind1=" " ind2=" ">
    <subfield code="a">Includes bibliographical references.</subfield>
  </datafield>
  <datafield tag="650" ind1=" " ind2="0">
    <subfield code="a">Judaism.</subfield>
  </datafield>
  <datafield tag="650" ind1=" " ind2="0">
    <subfield code="a">Jewish law.</subfield>
  </datafield>
  <datafield tag="650" ind1=" " ind2="0">
    <subfield code="a">Jewish ethics</subfield>
    <subfield code="v">Sermons.</subfield>
  </datafield>
  <datafield tag="650" ind1=" " ind2="0">
    <subfield code="a">Talmud</subfield>
    <subfield code="x">Criticism, interpretation, etc.</subfield>
  </datafield>
  <datafield tag="700" ind1="1" ind2=" ">
    <subfield code="6">880-06</subfield>
    <subfield code="a">Rabinovits, Natan Daṿid ben Yehudah Leyb,</subfield>
    <subfield code="e">editor.</subfield>
  </datafield>
  <datafield tag="880" ind1="1" ind2=" ">
    <subfield code="6">700-06/(2/r‏</subfield>
    <subfield code="a">‏רבינוביץ, נתן דוד.</subfield>
  </datafield>
  <datafield tag="985" ind1=" " ind2=" ">
    <subfield code="a">BibframePilot2</subfield>
    <subfield code="e">20180504</subfield>
  </datafield>
</record>