
<record>
  <leader>05203cjm a2200973 i 4500</leader>
  <controlfield tag="001">19546165</controlfield>
  <controlfield tag="005">20200102170302.0</controlfield>
  <controlfield tag="007">sd fsngnnmmned</controlfield>
  <controlfield tag="008">170309p20142002gw uun|  efi      | und d</controlfield>
  <datafield tag="906" ind1=" " ind2=" ">
    <subfield code="a">7</subfield>
    <subfield code="b">cbc</subfield>
    <subfield code="c">copycat</subfield>
    <subfield code="d">2</subfield>
    <subfield code="e">ncip</subfield>
    <subfield code="f">20</subfield>
    <subfield code="g">y-soundrec</subfield>
  </datafield>
  <datafield tag="925" ind1="0" ind2=" ">
    <subfield code="a">acquire</subfield>
    <subfield code="b">2 shelf copies</subfield>
    <subfield code="x">policy default</subfield>
  </datafield>
  <datafield tag="955" ind1=" " ind2=" ">
    <subfield code="a">qr12 2017-03-09 z-client</subfield>
    <subfield code="i">qr12 2017-03-09</subfield>
  </datafield>
  <datafield tag="010" ind1=" " ind2=" ">
    <subfield code="a">  2017618811</subfield>
  </datafield>
  <datafield tag="024" ind1="3" ind2=" ">
    <subfield code="a">4260063112195</subfield>
  </datafield>
  <datafield tag="028" ind1="0" ind2="2">
    <subfield code="a">NEOS 11219</subfield>
    <subfield code="b">NEOS Music GmbH</subfield>
  </datafield>
  <datafield tag="028" ind1="0" ind2="0">
    <subfield code="a">11219</subfield>
    <subfield code="b">NEOS Music GmbH</subfield>
  </datafield>
  <datafield tag="033" ind1="0" ind2="0">
    <subfield code="3">1st work</subfield>
    <subfield code="a">20050311</subfield>
  </datafield>
  <datafield tag="033" ind1="0" ind2=" ">
    <subfield code="3">2nd work</subfield>
    <subfield code="a">20020426</subfield>
  </datafield>
  <datafield tag="033" ind1="0" ind2=" ">
    <subfield code="3">3rd work</subfield>
    <subfield code="a">20070223</subfield>
  </datafield>
  <datafield tag="033" ind1="0" ind2=" ">
    <subfield code="3">4th work</subfield>
    <subfield code="a">20100709</subfield>
  </datafield>
  <datafield tag="033" ind1="0" ind2=" ">
    <subfield code="3">5th work</subfield>
    <subfield code="a">20030506</subfield>
  </datafield>
  <datafield tag="035" ind1=" " ind2=" ">
    <subfield code="a">(OCoLC)ocn897846233</subfield>
  </datafield>
  <datafield tag="040" ind1=" " ind2=" ">
    <subfield code="a">TDF</subfield>
    <subfield code="b">eng</subfield>
    <subfield code="e">rda</subfield>
    <subfield code="c">TDF</subfield>
    <subfield code="d">CUS</subfield>
    <subfield code="d">NOC</subfield>
    <subfield code="d">DLC</subfield>
  </datafield>
  <datafield tag="041" ind1="0" ind2=" ">
    <subfield code="d">und</subfield>
    <subfield code="g">eng</subfield>
    <subfield code="g">fre</subfield>
    <subfield code="g">ger</subfield>
    <subfield code="m">ger</subfield>
  </datafield>
  <datafield tag="042" ind1=" " ind2=" ">
    <subfield code="a">lccopycat</subfield>
  </datafield>
  <datafield tag="050" ind1="0" ind2="0">
    <subfield code="a">SDC 80599</subfield>
  </datafield>
  <datafield tag="100" ind1="1" ind2=" ">
    <subfield code="a">Hölszky, Adriana,</subfield>
    <subfield code="e">composer.</subfield>
  </datafield>
  <datafield tag="240" ind1="1" ind2="0">
    <subfield code="a">Works.</subfield>
    <subfield code="k">Selections</subfield>
  </datafield>
  <datafield tag="245" ind1="1" ind2="0">
    <subfield code="a">Adriana Hölszky.</subfield>
  </datafield>
  <datafield tag="264" ind1=" " ind2="1">
    <subfield code="a">[Munich] :</subfield>
    <subfield code="b">NEOS Music GmbH,</subfield>
    <subfield code="c">[2014?]</subfield>
  </datafield>
  <datafield tag="264" ind1=" " ind2="4">
    <subfield code="c">©2014,</subfield>
    <subfield code="c">℗2010</subfield>
  </datafield>
  <datafield tag="300" ind1=" " ind2=" ">
    <subfield code="a">1 audio disc (1:08:25) :</subfield>
    <subfield code="b">digital ;</subfield>
    <subfield code="c">4 3/4 in.</subfield>
  </datafield>
  <datafield tag="306" ind1=" " ind2=" ">
    <subfield code="a">000855</subfield>
    <subfield code="a">001549</subfield>
    <subfield code="a">001126</subfield>
    <subfield code="a">001832</subfield>
    <subfield code="a">001304</subfield>
  </datafield>
  <datafield tag="336" ind1=" " ind2=" ">
    <subfield code="a">performed music</subfield>
    <subfield code="b">prm</subfield>
    <subfield code="2">rdacontent</subfield>
  </datafield>
  <datafield tag="337" ind1=" " ind2=" ">
    <subfield code="a">audio</subfield>
    <subfield code="b">s</subfield>
    <subfield code="2">rdamedia</subfield>
  </datafield>
  <datafield tag="338" ind1=" " ind2=" ">
    <subfield code="a">audio disc</subfield>
    <subfield code="b">sd</subfield>
    <subfield code="2">rdacarrier</subfield>
  </datafield>
  <datafield tag="340" ind1=" " ind2=" ">
    <subfield code="b">4 3/4 in.</subfield>
  </datafield>
  <datafield tag="344" ind1=" " ind2=" ">
    <subfield code="a">digital</subfield>
    <subfield code="2">rda</subfield>
  </datafield>
  <datafield tag="347" ind1=" " ind2=" ">
    <subfield code="a">audio file</subfield>
    <subfield code="b">CD audio</subfield>
    <subfield code="2">rda</subfield>
  </datafield>
  <datafield tag="382" ind1="0" ind2="1">
    <subfield code="a">singer</subfield>
    <subfield code="n">72</subfield>
    <subfield code="s">72</subfield>
    <subfield code="2">lcmpt</subfield>
  </datafield>
  <datafield tag="382" ind1="0" ind2="1">
    <subfield code="b">clarinet</subfield>
    <subfield code="n">1</subfield>
    <subfield code="b">harmonica</subfield>
    <subfield code="n">1</subfield>
    <subfield code="b">accordion</subfield>
    <subfield code="n">1</subfield>
    <subfield code="a">orchestra</subfield>
    <subfield code="2">lcmpt</subfield>
  </datafield>
  <datafield tag="382" ind1="0" ind2="1">
    <subfield code="a">mixed chorus</subfield>
    <subfield code="a">orchestra</subfield>
    <subfield code="2">lcmpt</subfield>
  </datafield>
  <datafield tag="382" ind1="0" ind2="1">
    <subfield code="a">singer</subfield>
    <subfield code="n">36</subfield>
    <subfield code="s">36</subfield>
    <subfield code="2">lcmpt</subfield>
  </datafield>
  <datafield tag="382" ind1="0" ind2="1">
    <subfield code="a">percussion</subfield>
    <subfield code="n">6</subfield>
    <subfield code="s">6</subfield>
    <subfield code="2">lcmpt</subfield>
  </datafield>
  <datafield tag="490" ind1="1" ind2=" ">
    <subfield code="a">Musica viva ;</subfield>
    <subfield code="v">19</subfield>
  </datafield>
  <datafield tag="500" ind1=" " ind2=" ">
    <subfield code="a">Choral and instrumental music.</subfield>
  </datafield>
  <datafield tag="500" ind1=" " ind2=" ">
    <subfield code="a">Title from disc label.</subfield>
  </datafield>
  <datafield tag="500" ind1=" " ind2=" ">
    <subfield code="a">Text to the 1st work based on Gemälde eines Ershlagenen by Jakob Lenz, deconstructed by the composer into linguistically unintelligible fragments; texts to the 3rd and 4th works created by the composer.</subfield>
  </datafield>
  <datafield tag="500" ind1=" " ind2=" ">
    <subfield code="a">The 5th work inspired by the poem Die gestundete Zeit by Ingeborg Bachmann.</subfield>
  </datafield>
  <datafield tag="546" ind1=" " ind2=" ">
    <subfield code="a">The 1st, 3rd, and 4th works sung in nonlinguistic phonemes.</subfield>
  </datafield>
  <datafield tag="511" ind1="0" ind2=" ">
    <subfield code="a">Howard Levy (2nd work), harmonica ; Michael Riessler (2nd work), clarinet ; Jean-Louis Matinier (2nd work), accordion ; Percusemble Berlin (Rudi Bauer, Daniel Eichholz, Michael Gärtner, Martin Kraus, Bernd Vogel, Wolfram Winkel) (5th work) ; Chor des Bayerischen Rundfunks ; Symphonieorchester des Bayerischen Rundfunks ; Edgar Guggeis (5th work), Gustaf Sjökvist (1st work), Florian Helgath (4th work), Martyn Brabbins (3rd work), Lucas Vis (2nd work), conductor.</subfield>
  </datafield>
  <datafield tag="518" ind1=" " ind2=" ">
    <subfield code="3">1st work</subfield>
    <subfield code="o">Recorded live</subfield>
    <subfield code="d">2005 March 11</subfield>
    <subfield code="p">Herkulessaal der Residenz, Munich.</subfield>
  </datafield>
  <datafield tag="518" ind1=" " ind2=" ">
    <subfield code="3">2nd work</subfield>
    <subfield code="o">Recorded live</subfield>
    <subfield code="d">2002 April 26</subfield>
    <subfield code="p">Herkulessaal der Residenz, Munich.</subfield>
  </datafield>
  <datafield tag="518" ind1=" " ind2=" ">
    <subfield code="3">3rd work</subfield>
    <subfield code="o">Recorded live</subfield>
    <subfield code="d">2007 February 23</subfield>
    <subfield code="p">Herkulessaal der Residenz, Munich.</subfield>
  </datafield>
  <datafield tag="518" ind1=" " ind2=" ">
    <subfield code="3">4th work</subfield>
    <subfield code="o">Recorded live</subfield>
    <subfield code="d">2010 July 9</subfield>
    <subfield code="p">Herkulessaal der Residenz, Munich.</subfield>
  </datafield>
  <datafield tag="518" ind1=" " ind2=" ">
    <subfield code="3">5th work</subfield>
    <subfield code="o">Recorded live</subfield>
    <subfield code="d">2003 May 6</subfield>
    <subfield code="p">Carl-Orff-Saal, Munich.</subfield>
  </datafield>
  <datafield tag="500" ind1=" " ind2=" ">
    <subfield code="a">Recorded at Musica Viva concerts; the 2nd and 4th works are world premieres; the 3rd work is the German premiere.</subfield>
  </datafield>
  <datafield tag="500" ind1=" " ind2=" ">
    <subfield code="a">Program and biographical notes in German with English and French translations (25 pages : illustrations) in container.</subfield>
  </datafield>
  <datafield tag="505" ind1="0" ind2=" ">
    <subfield code="a">Gemälde eines Erschlagenen : (1993)  : for 72 vocalists (8:55)  -- On the other side : (2002) : for clarinet, harmonica, accordion and orchestra (15:49) -- Dämonen : (2006) : for chorus and orchestra (11:26) -- Formicarium : (2010) : for 36 mixed voices a capella (18:32) -- Jagt die Wölfe zurück : (1989/1990) : for six percussionists (13:04).</subfield>
  </datafield>
  <datafield tag="650" ind1=" " ind2="0">
    <subfield code="a">Choruses, Secular (Mixed voices), Unaccompanied.</subfield>
  </datafield>
  <datafield tag="650" ind1=" " ind2="0">
    <subfield code="a">Clarinet, harmonica, accordion with orchestra.</subfield>
  </datafield>
  <datafield tag="650" ind1=" " ind2="0">
    <subfield code="a">Choruses, Secular (Mixed voices) with orchestra.</subfield>
  </datafield>
  <datafield tag="650" ind1=" " ind2="0">
    <subfield code="a">Percussion ensembles.</subfield>
  </datafield>
  <datafield tag="655" ind1=" " ind2="7">
    <subfield code="a">Art music.</subfield>
    <subfield code="2">lcgft</subfield>
  </datafield>
  <datafield tag="655" ind1=" " ind2="7">
    <subfield code="a">Live sound recordings.</subfield>
    <subfield code="2">lcgft</subfield>
  </datafield>
  <datafield tag="700" ind1="1" ind2=" ">
    <subfield code="a">Levy, Howard,</subfield>
    <subfield code="e">instrumentalist.</subfield>
  </datafield>
  <datafield tag="700" ind1="1" ind2=" ">
    <subfield code="a">Riessler, Michael,</subfield>
    <subfield code="d">1957-</subfield>
    <subfield code="e">instrumentalist.</subfield>
  </datafield>
  <datafield tag="700" ind1="1" ind2=" ">
    <subfield code="a">Matinier, Jean-Louis,</subfield>
    <subfield code="e">instrumentalist.</subfield>
  </datafield>
  <datafield tag="700" ind1="1" ind2=" ">
    <subfield code="a">Guggeis, Edgar,</subfield>
    <subfield code="e">conductor.</subfield>
  </datafield>
  <datafield tag="700" ind1="1" ind2=" ">
    <subfield code="a">Sjökvist, Gustaf,</subfield>
    <subfield code="d">1943-2015,</subfield>
    <subfield code="e">conductor.</subfield>
  </datafield>
  <datafield tag="700" ind1="1" ind2=" ">
    <subfield code="a">Helgath, Florian,</subfield>
    <subfield code="d">1978-</subfield>
    <subfield code="e">conductor.</subfield>
  </datafield>
  <datafield tag="700" ind1="1" ind2=" ">
    <subfield code="a">Brabbins, Martyn,</subfield>
    <subfield code="e">conductor.</subfield>
  </datafield>
  <datafield tag="700" ind1="1" ind2=" ">
    <subfield code="a">Vis, Lucas,</subfield>
    <subfield code="e">conductor.</subfield>
  </datafield>
  <datafield tag="700" ind1="1" ind2="2">
    <subfield code="i">Container of (work):</subfield>
    <subfield code="a">Hölszky, Adriana.</subfield>
    <subfield code="t">Gemälde eines Erschlagenen.</subfield>
  </datafield>
  <datafield tag="700" ind1="1" ind2="2">
    <subfield code="i">Container of (work):</subfield>
    <subfield code="a">Hölszky, Adriana.</subfield>
    <subfield code="t">On the other side.</subfield>
  </datafield>
  <datafield tag="700" ind1="1" ind2="2">
    <subfield code="i">Container of (work):</subfield>
    <subfield code="a">Hölszky, Adriana.</subfield>
    <subfield code="t">Dämonen.</subfield>
  </datafield>
  <datafield tag="700" ind1="1" ind2="2">
    <subfield code="i">Container of (work):</subfield>
    <subfield code="a">Hölszky, Adriana.</subfield>
    <subfield code="t">Formicarium.</subfield>
  </datafield>
  <datafield tag="700" ind1="1" ind2="2">
    <subfield code="i">Container of (work):</subfield>
    <subfield code="a">Hölszky, Adriana.</subfield>
    <subfield code="t">Jagt die Wölfe zurück.</subfield>
  </datafield>
  <datafield tag="700" ind1="1" ind2="2">
    <subfield code="i">Based on (work):</subfield>
    <subfield code="a">Lenz, Jakob Michael Reinhold,</subfield>
    <subfield code="d">1751-1792.</subfield>
    <subfield code="t">Gemälde eines Erschlagenen.</subfield>
  </datafield>
  <datafield tag="700" ind1="1" ind2="2">
    <subfield code="i">Inspired by (work):</subfield>
    <subfield code="a">Bachmann, Ingeborg,</subfield>
    <subfield code="d">1926-1973.</subfield>
    <subfield code="t">Gestundete Zeit.</subfield>
  </datafield>
  <datafield tag="710" ind1="2" ind2=" ">
    <subfield code="a">Percusemble Berlin,</subfield>
    <subfield code="e">instrumentalist.</subfield>
  </datafield>
  <datafield tag="710" ind1="2" ind2=" ">
    <subfield code="a">Bayerischer Rundfunk.</subfield>
    <subfield code="b">Chor,</subfield>
    <subfield code="e">singer.</subfield>
  </datafield>
  <datafield tag="710" ind1="2" ind2=" ">
    <subfield code="a">Bayerischer Rundfunk.</subfield>
    <subfield code="b">Orchester,</subfield>
    <subfield code="e">instrumentalist.</subfield>
  </datafield>
  <datafield tag="830" ind1=" " ind2="0">
    <subfield code="a">Musica viva München ;</subfield>
    <subfield code="v">19.</subfield>
  </datafield>
</record>