
<record>
  <leader>04359cam a22004937i 4500</leader>
  <controlfield tag="001">19561842</controlfield>
  <controlfield tag="005">20200102213724.0</controlfield>
  <controlfield tag="008">170309t20172017fr abch  bc   000 0dfre d</controlfield>
  <datafield tag="906" ind1=" " ind2=" ">
    <subfield code="a">7</subfield>
    <subfield code="b">cbc</subfield>
    <subfield code="c">copycat</subfield>
    <subfield code="d">3</subfield>
    <subfield code="e">ncip</subfield>
    <subfield code="f">20</subfield>
    <subfield code="g">y-gencatlg</subfield>
  </datafield>
  <datafield tag="925" ind1="0" ind2=" ">
    <subfield code="a">acquire</subfield>
    <subfield code="b">1 shelf copy</subfield>
    <subfield code="x">policy default</subfield>
  </datafield>
  <datafield tag="955" ind1=" " ind2=" ">
    <subfield code="b">bd35 2018-06-27 z-processor</subfield>
    <subfield code="i">bc12 2018-09-19 (telework)</subfield>
    <subfield code="e">bc12 2018-10-23 to BCCD (ABACheck &amp; Labeled)</subfield>
  </datafield>
  <datafield tag="010" ind1=" " ind2=" ">
    <subfield code="a">  2017391079</subfield>
  </datafield>
  <datafield tag="020" ind1=" " ind2=" ">
    <subfield code="a">9782754110082</subfield>
    <subfield code="q">pbk.</subfield>
  </datafield>
  <datafield tag="020" ind1=" " ind2=" ">
    <subfield code="a">2754110089</subfield>
    <subfield code="q">pbk.</subfield>
  </datafield>
  <datafield tag="035" ind1=" " ind2=" ">
    <subfield code="a">(OCoLC)ocn984705930</subfield>
  </datafield>
  <datafield tag="040" ind1=" " ind2=" ">
    <subfield code="a">STF</subfield>
    <subfield code="b">eng</subfield>
    <subfield code="c">STF</subfield>
    <subfield code="e">rda</subfield>
    <subfield code="d">OCLCO</subfield>
    <subfield code="d">JPG</subfield>
    <subfield code="d">MZA</subfield>
    <subfield code="d">GUA</subfield>
    <subfield code="d">IUL</subfield>
    <subfield code="d">NLGGC</subfield>
    <subfield code="d">OCLCF</subfield>
    <subfield code="d">DLC</subfield>
  </datafield>
  <datafield tag="042" ind1=" " ind2=" ">
    <subfield code="a">lccopycat</subfield>
  </datafield>
  <datafield tag="043" ind1=" " ind2=" ">
    <subfield code="a">e-fr---</subfield>
  </datafield>
  <datafield tag="050" ind1="0" ind2="0">
    <subfield code="a">N8660.R67</subfield>
    <subfield code="b">S56 2017</subfield>
  </datafield>
  <datafield tag="100" ind1="1" ind2=" ">
    <subfield code="a">Sinclair, Anne.</subfield>
  </datafield>
  <datafield tag="245" ind1="1" ind2="0">
    <subfield code="a">21 rue La Boétie /</subfield>
    <subfield code="c">d&apos;après le livre d&apos;Anne Sinclair.</subfield>
  </datafield>
  <datafield tag="246" ind1="3" ind2="0">
    <subfield code="a">Vingt et un rue La Boétie</subfield>
  </datafield>
  <datafield tag="246" ind1="1" ind2="4">
    <subfield code="a">Picasso, Matisse, Braque, Léger...</subfield>
  </datafield>
  <datafield tag="264" ind1=" " ind2="1">
    <subfield code="a">Vanves :</subfield>
    <subfield code="b">Hazan ;</subfield>
    <subfield code="a">Paris :</subfield>
    <subfield code="b">Musée Maillol,</subfield>
    <subfield code="c">[2017]</subfield>
  </datafield>
  <datafield tag="264" ind1=" " ind2="4">
    <subfield code="c">©2017</subfield>
  </datafield>
  <datafield tag="300" ind1=" " ind2=" ">
    <subfield code="a">277 pages :</subfield>
    <subfield code="b">illustrations (chiefly color), facsimiles, maps, portraits ;</subfield>
    <subfield code="c">26 cm</subfield>
  </datafield>
  <datafield tag="336" ind1=" " ind2=" ">
    <subfield code="a">text</subfield>
    <subfield code="b">txt</subfield>
    <subfield code="2">rdacontent</subfield>
  </datafield>
  <datafield tag="336" ind1=" " ind2=" ">
    <subfield code="a">still image</subfield>
    <subfield code="b">sti</subfield>
    <subfield code="2">rdacontent</subfield>
  </datafield>
  <datafield tag="337" ind1=" " ind2=" ">
    <subfield code="a">unmediated</subfield>
    <subfield code="b">n</subfield>
    <subfield code="2">rdamedia</subfield>
  </datafield>
  <datafield tag="338" ind1=" " ind2=" ">
    <subfield code="a">volume</subfield>
    <subfield code="b">nc</subfield>
    <subfield code="2">rdacarrier</subfield>
  </datafield>
  <datafield tag="500" ind1=" " ind2=" ">
    <subfield code="a">&quot;Culturespaces&quot;--Page [1] of cover.</subfield>
  </datafield>
  <datafield tag="500" ind1=" " ind2=" ">
    <subfield code="a">First presented at (and coproduced by) the musée de La Boverie, Liège, Belgium, September 22, 2016-January 29, 2017. Published on the occasion of the exhibition held at the musée Maillol, Paris, France, March 2-July 23, 2017.</subfield>
  </datafield>
  <datafield tag="504" ind1=" " ind2=" ">
    <subfield code="a">Includes bibliographical references (pages 256-265).</subfield>
  </datafield>
  <datafield tag="505" ind1="0" ind2="0">
    <subfield code="t">Préface / Bruno Monnier --</subfield>
    <subfield code="t">Galerie du monde / Willy Demeyer et Jean Pierre Hupkens --</subfield>
    <subfield code="t">Une exposition d&apos;art et d&apos;histoire / Elie Barnavi et Benoît Remiche --</subfield>
    <subfield code="t">L&apos;enchaînement des hasards / Anne Sinclair --</subfield>
    <subfield code="t">L&apos;exposition --</subfield>
    <subfield code="t">La naissance d&apos;une galerie --</subfield>
    <subfield code="t">Passeur de modernité --</subfield>
    <subfield code="t">Le &quot;système&quot; Rosenberg --</subfield>
    <subfield code="t">L&apos;assaut contre &quot;l&apos;art dégénéré&quot; --</subfield>
    <subfield code="t">L&apos;occupation et l&apos;exil, 1940-1945 --</subfield>
    <subfield code="t">La lutte pour la restitution --</subfield>
    <subfield code="t">Épilogue --</subfield>
    <subfield code="t">Éclairages --</subfield>
    <subfield code="t">Sur le marché de l&apos;art / Krzysztof Pomian --</subfield>
    <subfield code="t">Paul Rosenberg et Picasso / Vincent Delvaux --</subfield>
    <subfield code="t">La vente dite &quot;de Lucerne&quot; / Jean-Patrick Duchesne --</subfield>
    <subfield code="t">Emil Bührle et Paul Rosenberg : une relation d&apos;affaires au lendemain de la guerre / Lukas Gloor --</subfield>
    <subfield code="t">Itinéraire d&apos;un tableau : Profil bleu devant la cheminée de Henri Matisse / Tone Hansen --</subfield>
    <subfield code="t">L&apos;exposition, une arme de guerre ? / Isabelle Benoit --</subfield>
    <subfield code="t">Notices d&apos;oeuvres / Patrick Amine, Isabelle Benoit, Vincent Delvaux et Stéphane Guégan --</subfield>
    <subfield code="t">Notes et bibliographie --</subfield>
    <subfield code="t">Notes des textes du parcours --</subfield>
    <subfield code="t">Notes des essais --</subfield>
    <subfield code="t">Bibliographie --</subfield>
    <subfield code="t">Crédits.</subfield>
  </datafield>
  <datafield tag="520" ind1=" " ind2=" ">
    <subfield code="a">&quot;L&apos;exposition &quot;21 rue La Boétie&quot; retrace le parcours singulier et exceptionnel de Paul Rosenberg (1881-1959), qui fut l&apos;un des plus grands marchands d&apos;art de la première moitié du XXe siècle. Elle rassemble plus de soixante chefs-d&apos;oeuvre de l&apos;art moderne (Pablo Picasso, Fernand Léger, Georges Braque, Henri Matisse, Marie Laurencin...), pour certains inédits en France et provenant de collections publiques de premier plan telles que le Centre Pompidou, le musée d&apos;Orsay, le Musée Picasso à Paris, ou encore le Deutsches Historisches Museum à Berlin, mais aussi d&apos;importantes collections particulières comme celle de David Nahmad. De nombreuses oeuvres sont directement liées au marchand, pour avoir transité par ses galeries, à Paris ou à New York, alors que d&apos;autres renvoient au contexte historique et artistique de l&apos;époque. Conçue par Tempora et produite par Culturespaces au musée Maillol à Paris, cette exposition bénéficie du soutien actif d&apos;Anne Sinclair, petite-fille de Paul Rosenberg, auteur de l&apos;ouvrage éponyme 21 rue La Boétie (paru aux éditions Grasset &amp; Fasquelle en 2012).&quot;--Page [4] of cover.</subfield>
  </datafield>
  <datafield tag="600" ind1="1" ind2="0">
    <subfield code="a">Rosenberg, Paul,</subfield>
    <subfield code="d">1881-1959</subfield>
    <subfield code="x">Art collections</subfield>
    <subfield code="v">Exhibitions.</subfield>
  </datafield>
  <datafield tag="600" ind1="1" ind2="0">
    <subfield code="a">Sinclair, Anne.</subfield>
    <subfield code="t">21, rue La Boétie</subfield>
    <subfield code="v">Exhibitions.</subfield>
  </datafield>
  <datafield tag="610" ind1="2" ind2="0">
    <subfield code="a">Paul Rosenberg (Firm : Paris, France)</subfield>
    <subfield code="v">Exhibitions.</subfield>
  </datafield>
  <datafield tag="650" ind1=" " ind2="0">
    <subfield code="a">Art dealers</subfield>
    <subfield code="z">France</subfield>
    <subfield code="v">Biography</subfield>
    <subfield code="v">Exhibitions.</subfield>
  </datafield>
  <datafield tag="710" ind1="2" ind2=" ">
    <subfield code="a">Musée Maillol,</subfield>
    <subfield code="e">host institution.</subfield>
  </datafield>
  <datafield tag="710" ind1="2" ind2=" ">
    <subfield code="a">Culturespaces (Organization),</subfield>
    <subfield code="e">editor.</subfield>
  </datafield>
  <datafield tag="710" ind1="2" ind2=" ">
    <subfield code="a">Musée de la Boverie,</subfield>
    <subfield code="e">host institution.</subfield>
  </datafield>
  <datafield tag="923" ind1=" " ind2=" ">
    <subfield code="d">20170310</subfield>
    <subfield code="n">580001</subfield>
    <subfield code="s">AmaLivre</subfield>
  </datafield>
  <datafield tag="985" ind1=" " ind2=" ">
    <subfield code="e">VENDOR LOAD</subfield>
  </datafield>
</record>