
<record>
  <leader>04809cjm a2200817 a 4500</leader>
  <controlfield tag="001">19567383</controlfield>
  <controlfield tag="005">20200102163926.0</controlfield>
  <controlfield tag="007">sd fsngnnmmnee</controlfield>
  <controlfield tag="008">170322r20091961gw uun|  bi       | zxx d</controlfield>
  <datafield tag="906" ind1=" " ind2=" ">
    <subfield code="a">7</subfield>
    <subfield code="b">cbc</subfield>
    <subfield code="c">copycat</subfield>
    <subfield code="d">2</subfield>
    <subfield code="e">ncip</subfield>
    <subfield code="f">20</subfield>
    <subfield code="g">y-soundrec</subfield>
  </datafield>
  <datafield tag="925" ind1="0" ind2=" ">
    <subfield code="a">acquire</subfield>
    <subfield code="b">2 shelf copies</subfield>
    <subfield code="x">policy default</subfield>
  </datafield>
  <datafield tag="955" ind1=" " ind2=" ">
    <subfield code="a">qr27 2017-03-22 z-client</subfield>
    <subfield code="i">qr27 2017-03-22</subfield>
  </datafield>
  <datafield tag="010" ind1=" " ind2=" ">
    <subfield code="a">  2017619418</subfield>
  </datafield>
  <datafield tag="024" ind1="3" ind2=" ">
    <subfield code="a">4010228692822</subfield>
  </datafield>
  <datafield tag="028" ind1="0" ind2="0">
    <subfield code="a">WER 6928 2</subfield>
    <subfield code="b">Wergo</subfield>
    <subfield code="q">(container and disc 1)</subfield>
  </datafield>
  <datafield tag="028" ind1="0" ind2="0">
    <subfield code="a">WER 6929 2</subfield>
    <subfield code="b">Wergo</subfield>
    <subfield code="q">(disc 2)</subfield>
  </datafield>
  <datafield tag="028" ind1="0" ind2="0">
    <subfield code="a">WER 6930 2</subfield>
    <subfield code="b">Wergo</subfield>
    <subfield code="q">(disc 3)</subfield>
  </datafield>
  <datafield tag="035" ind1=" " ind2=" ">
    <subfield code="a">(OCoLC)ocn430849206</subfield>
  </datafield>
  <datafield tag="040" ind1=" " ind2=" ">
    <subfield code="a">BTCTA</subfield>
    <subfield code="b">eng</subfield>
    <subfield code="c">BTCTA</subfield>
    <subfield code="d">ENG</subfield>
    <subfield code="d">INU</subfield>
    <subfield code="d">CTB</subfield>
    <subfield code="d">JTB</subfield>
    <subfield code="d">OCLCO</subfield>
    <subfield code="d">OCLCQ</subfield>
    <subfield code="d">DLC</subfield>
  </datafield>
  <datafield tag="042" ind1=" " ind2=" ">
    <subfield code="a">lccopycat</subfield>
  </datafield>
  <datafield tag="050" ind1="0" ind2="0">
    <subfield code="a">SDC 81484</subfield>
  </datafield>
  <datafield tag="082" ind1="0" ind2="4">
    <subfield code="a">CD 785.68</subfield>
  </datafield>
  <datafield tag="100" ind1="1" ind2=" ">
    <subfield code="a">Brown, Earle,</subfield>
    <subfield code="d">1926-2002.</subfield>
  </datafield>
  <datafield tag="245" ind1="1" ind2="0">
    <subfield code="a">Earle Brown, a life in music.</subfield>
    <subfield code="n">Vol. 1.</subfield>
  </datafield>
  <datafield tag="260" ind1=" " ind2=" ">
    <subfield code="a">Mainz, Germany :</subfield>
    <subfield code="b">Wergo,</subfield>
    <subfield code="c">℗2009.</subfield>
  </datafield>
  <datafield tag="300" ind1=" " ind2=" ">
    <subfield code="a">3 audio discs (1 hr., 56 min., 10 sec.) :</subfield>
    <subfield code="b">digital ;</subfield>
    <subfield code="c">4 3/4 in.</subfield>
  </datafield>
  <datafield tag="306" ind1=" " ind2=" ">
    <subfield code="a">003524</subfield>
    <subfield code="a">003741</subfield>
    <subfield code="a">004305</subfield>
  </datafield>
  <datafield tag="336" ind1=" " ind2=" ">
    <subfield code="a">performed music</subfield>
    <subfield code="b">prm</subfield>
    <subfield code="2">rdacontent</subfield>
  </datafield>
  <datafield tag="337" ind1=" " ind2=" ">
    <subfield code="a">audio</subfield>
    <subfield code="b">s</subfield>
    <subfield code="2">rdamedia</subfield>
  </datafield>
  <datafield tag="338" ind1=" " ind2=" ">
    <subfield code="a">audio disc</subfield>
    <subfield code="b">sd</subfield>
    <subfield code="2">rdacarrier</subfield>
  </datafield>
  <datafield tag="490" ind1="0" ind2=" ">
    <subfield code="a">Earle Brown Contemporary sound series ;</subfield>
    <subfield code="v">vol. 1</subfield>
  </datafield>
  <datafield tag="500" ind1=" " ind2=" ">
    <subfield code="a">Wergo: WER 6928 2--WER 6930 2; on container: WER 6928 2.</subfield>
  </datafield>
  <datafield tag="511" ind1="0" ind2=" ">
    <subfield code="a">Various performers.</subfield>
  </datafield>
  <datafield tag="518" ind1=" " ind2=" ">
    <subfield code="a">&quot;All pieces ... were recorded between 1960 and 1973&quot;--Outer container.</subfield>
  </datafield>
  <datafield tag="500" ind1=" " ind2=" ">
    <subfield code="a">In 3 containers, in slipcase.</subfield>
  </datafield>
  <datafield tag="500" ind1=" " ind2=" ">
    <subfield code="a">Previously released in 1961 (CD 1 and 2) and 1970 (CD 3) on 18 LPs; digitized and reissued on CD in 2009.</subfield>
  </datafield>
  <datafield tag="500" ind1=" " ind2=" ">
    <subfield code="a">Compact discs; analog recordings.</subfield>
  </datafield>
  <datafield tag="500" ind1=" " ind2=" ">
    <subfield code="a">Earle Brown&apos;s Contemporary sound series : an essay / by D.J. Hoek in English, German, and French, and bibliography (25 p. : ill., port.) inserted in slipcase; original liner notes in English, with addenda, inserted in each container.</subfield>
  </datafield>
  <datafield tag="505" ind1="0" ind2="0">
    <subfield code="g">cd 1:</subfield>
    <subfield code="t">Concert percussion for orchestra</subfield>
    <subfield code="r">(The Manhattan Percussion Ensemble, Paul Price (tracks 1-3, 7), John Cage (tracks 4-6, 11), conductors).</subfield>
    <subfield code="t">Ritmica no. 6 (1930), Tiempo de rhumba (1:50) ;</subfield>
    <subfield code="t">Ritmica no. 5 (1930), Tiempo de son</subfield>
    <subfield code="g">(2:27) /</subfield>
    <subfield code="r">Amadeo Roldán ;</subfield>
    <subfield code="t">Canticle no. 1 (1939) /</subfield>
    <subfield code="r">Lou Harrison</subfield>
    <subfield code="g">(4:04) ;</subfield>
    <subfield code="t">Three dance movements (1933) /</subfield>
    <subfield code="r">William Russell</subfield>
    <subfield code="g">(1:43; 1:42; 1:11) ;</subfield>
    <subfield code="t">Ostinato pianissimo (1934) /</subfield>
    <subfield code="r">Henry Cowell</subfield>
    <subfield code="g">(3:24) ;</subfield>
    <subfield code="t">Three Cuban pieces (1939) /</subfield>
    <subfield code="r">William Russell</subfield>
    <subfield code="g">(:57; :47; :43) ;</subfield>
    <subfield code="t">Double music (1941) /</subfield>
    <subfield code="r">John Cage and Lou Harrison</subfield>
    <subfield code="g">(5:46) ;</subfield>
    <subfield code="t">Amores (1943) /</subfield>
    <subfield code="r">John Cage</subfield>
    <subfield code="g">(1:28; 2:54; 1:24; 4:28) --</subfield>
    <subfield code="g">cd 2:</subfield>
    <subfield code="t">Stockhausen, Kagel.</subfield>
    <subfield code="t">Zyklus : for one percussionist (1959) /</subfield>
    <subfield code="r">Karlheinz Stockhausen</subfield>
    <subfield code="r">(Christoph Caskel)</subfield>
    <subfield code="g">(11:44) ;</subfield>
    <subfield code="t">Refrain : for three performers (1959) /</subfield>
    <subfield code="r">Karlheinz Stockhausen</subfield>
    <subfield code="r">(Aloys Kontarsky, piano, wood blocks ; Bernhard Kontarsky, celeste, antique cymbals ; Christoph Caskel, vibraphone, cowbells, glockenspiel)</subfield>
    <subfield code="g">(18:12) ;</subfield>
    <subfield code="t">Transición II : for piano, percussion and two magnetic tapes (1958/59)</subfield>
    <subfield code="r">/ Mauricio Kagel</subfield>
    <subfield code="r">(David Tudor, piano ; Christoph Caskel, percussion)</subfield>
    <subfield code="g">(17:32) --</subfield>
    <subfield code="g">cd 3:</subfield>
    <subfield code="t">Live electronic music improvised.</subfield>
    <subfield code="t">Spacecraft</subfield>
    <subfield code="r">(MEV : Musica Elettronica Viva (Alan Bryant ; Alvin Curran ; Frederic Rzewski ; Richard Teitelbaum ; Ivan Vandor))</subfield>
    <subfield code="g">(19:47) ;</subfield>
    <subfield code="t">AMM</subfield>
    <subfield code="r">(Cornelius Cardew ; Lou Gare ; Christopher Hobbs ; Eddie Prévost ; Keith Rowe)</subfield>
    <subfield code="g">(23:14).</subfield>
  </datafield>
  <datafield tag="650" ind1=" " ind2="0">
    <subfield code="a">Percussion ensembles.</subfield>
  </datafield>
  <datafield tag="650" ind1=" " ind2="0">
    <subfield code="a">Percussion and piano music.</subfield>
  </datafield>
  <datafield tag="650" ind1=" " ind2="0">
    <subfield code="a">Percussion music.</subfield>
  </datafield>
  <datafield tag="650" ind1=" " ind2="0">
    <subfield code="a">Trios (Celesta, piano, vibraphone)</subfield>
  </datafield>
  <datafield tag="650" ind1=" " ind2="0">
    <subfield code="a">Electronic music.</subfield>
  </datafield>
  <datafield tag="650" ind1=" " ind2="0">
    <subfield code="a">Musique concrète.</subfield>
  </datafield>
  <datafield tag="700" ind1="1" ind2=" ">
    <subfield code="a">Price, Paul,</subfield>
    <subfield code="d">1921-1986.</subfield>
    <subfield code="4">cnd</subfield>
  </datafield>
  <datafield tag="700" ind1="1" ind2=" ">
    <subfield code="a">Cage, John.</subfield>
    <subfield code="4">cnd</subfield>
  </datafield>
  <datafield tag="700" ind1="1" ind2=" ">
    <subfield code="a">Caskel, Christoph.</subfield>
    <subfield code="4">prf</subfield>
  </datafield>
  <datafield tag="700" ind1="1" ind2=" ">
    <subfield code="a">Kontarsky, Aloys.</subfield>
    <subfield code="4">prf</subfield>
  </datafield>
  <datafield tag="700" ind1="1" ind2=" ">
    <subfield code="a">Kontarsky, Bernhard.</subfield>
    <subfield code="4">prf</subfield>
  </datafield>
  <datafield tag="700" ind1="1" ind2=" ">
    <subfield code="a">Tudor, David,</subfield>
    <subfield code="d">1926-1996.</subfield>
    <subfield code="4">prf</subfield>
  </datafield>
  <datafield tag="700" ind1="1" ind2=" ">
    <subfield code="a">Hoek, D. J.</subfield>
    <subfield code="q">(David J.),</subfield>
    <subfield code="d">1970-</subfield>
    <subfield code="4">wam</subfield>
  </datafield>
  <datafield tag="700" ind1="1" ind2="2">
    <subfield code="a">Roldán, Amadeo,</subfield>
    <subfield code="d">1900-1939.</subfield>
    <subfield code="t">Rítmica,</subfield>
    <subfield code="n">no. 6.</subfield>
  </datafield>
  <datafield tag="700" ind1="1" ind2="2">
    <subfield code="a">Roldán, Amadeo,</subfield>
    <subfield code="d">1900-1939.</subfield>
    <subfield code="t">Rítmica,</subfield>
    <subfield code="n">no. 5.</subfield>
  </datafield>
  <datafield tag="700" ind1="1" ind2="2">
    <subfield code="a">Harrison, Lou,</subfield>
    <subfield code="d">1917-2003.</subfield>
    <subfield code="t">Canticle,</subfield>
    <subfield code="n">no. 1.</subfield>
  </datafield>
  <datafield tag="700" ind1="1" ind2="2">
    <subfield code="a">Russell, Bill,</subfield>
    <subfield code="d">1905-1992.</subfield>
    <subfield code="t">Dance movements</subfield>
    <subfield code="n">(1933).</subfield>
  </datafield>
  <datafield tag="700" ind1="1" ind2="2">
    <subfield code="a">Cowell, Henry,</subfield>
    <subfield code="d">1897-1965.</subfield>
    <subfield code="t">Ostinato pianissimo.</subfield>
  </datafield>
  <datafield tag="700" ind1="1" ind2="2">
    <subfield code="a">Russell, Bill,</subfield>
    <subfield code="d">1905-1992.</subfield>
    <subfield code="t">Cuban pieces.</subfield>
  </datafield>
  <datafield tag="700" ind1="1" ind2="2">
    <subfield code="a">Cage, John.</subfield>
    <subfield code="t">Double music.</subfield>
  </datafield>
  <datafield tag="700" ind1="1" ind2="2">
    <subfield code="a">Cage, John.</subfield>
    <subfield code="t">Amores.</subfield>
  </datafield>
  <datafield tag="700" ind1="1" ind2="2">
    <subfield code="a">Stockhausen, Karlheinz,</subfield>
    <subfield code="d">1928-2007.</subfield>
    <subfield code="t">Zyklus.</subfield>
  </datafield>
  <datafield tag="700" ind1="1" ind2="2">
    <subfield code="a">Stockhausen, Karlheinz,</subfield>
    <subfield code="d">1928-2007.</subfield>
    <subfield code="t">Refrain.</subfield>
  </datafield>
  <datafield tag="700" ind1="1" ind2="2">
    <subfield code="a">Kagel, Mauricio.</subfield>
    <subfield code="t">Transición,</subfield>
    <subfield code="n">no. 2.</subfield>
  </datafield>
  <datafield tag="710" ind1="2" ind2=" ">
    <subfield code="a">Manhattan Percussion Ensemble.</subfield>
    <subfield code="4">prf</subfield>
  </datafield>
  <datafield tag="710" ind1="2" ind2=" ">
    <subfield code="a">Musica Elettronica Viva.</subfield>
    <subfield code="4">prf</subfield>
  </datafield>
  <datafield tag="710" ind1="2" ind2=" ">
    <subfield code="a">AMM Group of London (Musical group)</subfield>
    <subfield code="4">prf</subfield>
  </datafield>
  <datafield tag="710" ind1="2" ind2="2">
    <subfield code="a">Musica Elettronica Viva.</subfield>
    <subfield code="t">Spacecraft.</subfield>
  </datafield>
  <datafield tag="740" ind1="0" ind2="2">
    <subfield code="a">MEV: spacecraft.</subfield>
  </datafield>
  <datafield tag="740" ind1="0" ind2="2">
    <subfield code="a">Concert percussion for orchestra.</subfield>
  </datafield>
  <datafield tag="740" ind1="0" ind2="2">
    <subfield code="a">Stockhausen, Kagel.</subfield>
  </datafield>
  <datafield tag="740" ind1="0" ind2="2">
    <subfield code="a">Live electronic music improvised.</subfield>
  </datafield>
</record>