
<record>
  <leader>04503cpcaa2200721 i 4500</leader>
  <controlfield tag="001">19575986</controlfield>
  <controlfield tag="005">20200102112651.0</controlfield>
  <controlfield tag="007">cr |||||||||||</controlfield>
  <controlfield tag="008">170329i18541991xx                  eng  </controlfield>
  <datafield tag="906" ind1=" " ind2=" ">
    <subfield code="a">7</subfield>
    <subfield code="b">cbc</subfield>
    <subfield code="c">orignew</subfield>
    <subfield code="d">2</subfield>
    <subfield code="e">ncip</subfield>
    <subfield code="f">20</subfield>
    <subfield code="g">y-genmusic</subfield>
  </datafield>
  <datafield tag="955" ind1=" " ind2=" ">
    <subfield code="a">vl40 2017-03-29</subfield>
    <subfield code="a">hh20 2020-01-02 gift to MUS</subfield>
  </datafield>
  <datafield tag="010" ind1=" " ind2=" ">
    <subfield code="a">  2014572569</subfield>
  </datafield>
  <datafield tag="040" ind1=" " ind2=" ">
    <subfield code="a">DLC</subfield>
    <subfield code="b">eng</subfield>
    <subfield code="c">DLC</subfield>
    <subfield code="e">dacs</subfield>
  </datafield>
  <datafield tag="043" ind1=" " ind2=" ">
    <subfield code="a">n-us---</subfield>
  </datafield>
  <datafield tag="050" ind1="0" ind2="0">
    <subfield code="a">ML31</subfield>
    <subfield code="b">.C86</subfield>
  </datafield>
  <datafield tag="100" ind1="1" ind2=" ">
    <subfield code="a">Cross, Julia Vincent.</subfield>
  </datafield>
  <datafield tag="245" ind1="1" ind2="0">
    <subfield code="a">Julia Vincent Cross papers,</subfield>
    <subfield code="f">1854-1991</subfield>
    <subfield code="g">(bulk 1927-1955).</subfield>
  </datafield>
  <datafield tag="300" ind1=" " ind2=" ">
    <subfield code="a">325 items (4 containers, 3 linear feet)</subfield>
  </datafield>
  <datafield tag="546" ind1=" " ind2=" ">
    <subfield code="a">Collection material in English.</subfield>
  </datafield>
  <datafield tag="545" ind1="0" ind2=" ">
    <subfield code="a">Julia Vincent Cross (b. July 31, 1901, in Sandwich, Massachusetts; d. in 1986, in Tucson, Arizona) was a dancer, choreographer, actor, and teacher.</subfield>
  </datafield>
  <datafield tag="520" ind1="8" ind2=" ">
    <subfield code="a">Julia Vincent Cross was a successful ballet dancer and teacher who studied with Alexandre Volinine of the Ballets Russes, among others. She danced with Volinine&apos;s company, the Mordkin Ballet, and briefly with the Ballet Russe de Monte Carlo. The collection consists primarily of documentation of her career through performance photographs, correspondence with organizations and artist agents, performance programs and flyers, two publications, and three notebooks, one of which is a unique collection of detailed choreographic notes describing dances attributed to Mordkin, Volinine, Isadora Duncan and others, as well as her own choreography. A small amount also documents the artistic career of her husband, Philip Evergood. Cross&apos;s family history is documented through a family scrapbook kept by her father, materials detailing the artistic activity of her husband Philip Evergood (1901-1972), personal photographs, and legal correspondence relating to the Cross and Evergood estates.</subfield>
  </datafield>
  <datafield tag="351" ind1=" " ind2=" ">
    <subfield code="a">Organized into the following series: I. Career Papers, 1920s-1978, II. Family Papers, 1854-1991.</subfield>
  </datafield>
  <datafield tag="541" ind1=" " ind2=" ">
    <subfield code="c">Gift;</subfield>
    <subfield code="a">Jacqueline Bland;</subfield>
    <subfield code="d">2016.</subfield>
  </datafield>
  <datafield tag="561" ind1=" " ind2=" ">
    <subfield code="a">Margaret (Margit) Swopes (b. 1928) was friend and caregiver to ballet dancer Julia Vincent Cross (married name, Julia V. Evergood) at the time of her death in Tucson, Arizona, in August 1986. Swopes was Cross&apos;s heir and executor of her will. Jacqueline Bland, a Tucson resident, acquired the Julia Vincent Cross Papers from the Swopes estate in 2014.</subfield>
  </datafield>
  <datafield tag="506" ind1="0" ind2=" ">
    <subfield code="a">Open to research.</subfield>
  </datafield>
  <datafield tag="540" ind1=" " ind2=" ">
    <subfield code="a">Certain restrictions to use or copying of materials may apply.</subfield>
  </datafield>
  <datafield tag="506" ind1=" " ind2=" ">
    <subfield code="a">Not all materials in this collection may be readily accessible; please request accessibility information well in advance of your visit</subfield>
    <subfield code="u">http://hdl.loc.gov/loc.music/perform.contact</subfield>
  </datafield>
  <datafield tag="555" ind1="8" ind2=" ">
    <subfield code="a">Finding aid available in the Library of Congress Performing Arts Reading Room and at</subfield>
    <subfield code="u">http://hdl.loc.gov/loc.music/eadmus.mu017007</subfield>
  </datafield>
  <datafield tag="524" ind1="8" ind2=" ">
    <subfield code="a">Julia Vincent Cross Papers, Music Division, Library of Congress.</subfield>
  </datafield>
  <datafield tag="600" ind1="1" ind2="0">
    <subfield code="a">Cross, Julia Vincent.</subfield>
  </datafield>
  <datafield tag="600" ind1="1" ind2="0">
    <subfield code="a">Cross, Julia Vincent</subfield>
    <subfield code="v">Correspondence.</subfield>
  </datafield>
  <datafield tag="600" ind1="1" ind2="0">
    <subfield code="a">Cross, Julia Vincent</subfield>
    <subfield code="v">Photographs.</subfield>
  </datafield>
  <datafield tag="600" ind1="1" ind2="0">
    <subfield code="a">Evergood, Philip,</subfield>
    <subfield code="d">1901-1973.</subfield>
  </datafield>
  <datafield tag="650" ind1=" " ind2="0">
    <subfield code="a">Ballet dancers</subfield>
    <subfield code="z">United States.</subfield>
  </datafield>
  <datafield tag="650" ind1=" " ind2="0">
    <subfield code="a">Choreographers</subfield>
    <subfield code="z">United States.</subfield>
  </datafield>
  <datafield tag="650" ind1=" " ind2="0">
    <subfield code="a">Dance teachers</subfield>
    <subfield code="z">United States.</subfield>
  </datafield>
  <datafield tag="600" ind1="1" ind2="0">
    <subfield code="a">Mordkin, Mikhail,</subfield>
    <subfield code="d">1881-1944.</subfield>
  </datafield>
  <datafield tag="600" ind1="1" ind2="0">
    <subfield code="a">Volinin, Aleksandr Emel&apos;ianovich,</subfield>
    <subfield code="d">1882-1955.</subfield>
  </datafield>
  <datafield tag="610" ind1="2" ind2="0">
    <subfield code="a">Mordkin Ballet Company.</subfield>
  </datafield>
  <datafield tag="600" ind1="1" ind2="0">
    <subfield code="a">Evergood, Philip,</subfield>
    <subfield code="d">1901-1973</subfield>
    <subfield code="v">Photographs.</subfield>
  </datafield>
  <datafield tag="650" ind1=" " ind2="0">
    <subfield code="a">Dance notation.</subfield>
  </datafield>
  <datafield tag="650" ind1=" " ind2="0">
    <subfield code="a">Dancers</subfield>
    <subfield code="v">Photographs.</subfield>
  </datafield>
  <datafield tag="650" ind1=" " ind2="0">
    <subfield code="a">Choreography.</subfield>
  </datafield>
  <datafield tag="650" ind1=" " ind2="0">
    <subfield code="a">Dance</subfield>
    <subfield code="z">United States</subfield>
    <subfield code="y">20th century.</subfield>
  </datafield>
  <datafield tag="655" ind1=" " ind2="7">
    <subfield code="a">Articles.</subfield>
    <subfield code="2">aat</subfield>
  </datafield>
  <datafield tag="655" ind1=" " ind2="7">
    <subfield code="a">Clippings (Information artifacts)</subfield>
    <subfield code="2">aat</subfield>
  </datafield>
  <datafield tag="655" ind1=" " ind2="7">
    <subfield code="a">Correspondence.</subfield>
    <subfield code="2">aat</subfield>
  </datafield>
  <datafield tag="655" ind1=" " ind2="7">
    <subfield code="a">Dance programs.</subfield>
    <subfield code="2">lcgft</subfield>
  </datafield>
  <datafield tag="655" ind1=" " ind2="7">
    <subfield code="a">Photographic prints.</subfield>
    <subfield code="2">aat</subfield>
  </datafield>
  <datafield tag="655" ind1=" " ind2="7">
    <subfield code="a">Programs (Documents)</subfield>
    <subfield code="2">aat</subfield>
  </datafield>
  <datafield tag="655" ind1=" " ind2="7">
    <subfield code="a">Promotional materials.</subfield>
    <subfield code="2">aat</subfield>
  </datafield>
  <datafield tag="655" ind1=" " ind2="7">
    <subfield code="a">Scrapbooks.</subfield>
    <subfield code="2">aat</subfield>
  </datafield>
  <datafield tag="700" ind1="1" ind2=" ">
    <subfield code="a">Evergood, Philip,</subfield>
    <subfield code="d">1901-1973.</subfield>
  </datafield>
  <datafield tag="700" ind1="1" ind2=" ">
    <subfield code="a">Mordkin, Mikhail,</subfield>
    <subfield code="d">1881-1944.</subfield>
  </datafield>
  <datafield tag="700" ind1="1" ind2=" ">
    <subfield code="a">Sunami, Soichi,</subfield>
    <subfield code="d">1885-1971.</subfield>
  </datafield>
  <datafield tag="700" ind1="1" ind2=" ">
    <subfield code="a">Volinin, Aleksandr Emel&apos;ianovich,</subfield>
    <subfield code="d">1882-1955.</subfield>
  </datafield>
  <datafield tag="700" ind1="1" ind2=" ">
    <subfield code="a">Volpe.</subfield>
  </datafield>
  <datafield tag="700" ind1="1" ind2=" ">
    <subfield code="a">Voss, Grace.</subfield>
  </datafield>
  <datafield tag="852" ind1=" " ind2=" ">
    <subfield code="a">Library of Congress</subfield>
    <subfield code="b">Music Division</subfield>
    <subfield code="e">Washington, D.C. 20540 USA</subfield>
    <subfield code="n">dcu</subfield>
    <subfield code="u">http://hdl.loc.gov/loc.music/perform.home</subfield>
  </datafield>
  <datafield tag="856" ind1="4" ind2=" ">
    <subfield code="3">Finding aid</subfield>
    <subfield code="u">http://hdl.loc.gov/loc.music/eadmus.mu017007</subfield>
  </datafield>
  <datafield tag="856" ind1="4" ind2=" ">
    <subfield code="3">Finding aid (PDF)</subfield>
    <subfield code="u">http://hdl.loc.gov/loc.music/eadmus.mu017007.3</subfield>
  </datafield>
  <datafield tag="923" ind1=" " ind2=" ">
    <subfield code="a">Gift</subfield>
    <subfield code="d">20200102</subfield>
    <subfield code="i">Filed under Cross, Julia Papers</subfield>
    <subfield code="n">347726</subfield>
    <subfield code="s">Bland, Jacqueline</subfield>
  </datafield>
  <datafield tag="985" ind1=" " ind2=" ">
    <subfield code="a">music/ead</subfield>
  </datafield>
</record>