
<record>
  <leader>01701cam a2200313 i 4500</leader>
  <controlfield tag="001">19583470</controlfield>
  <controlfield tag="005">20200102093910.0</controlfield>
  <controlfield tag="008">170404s2018    nyua     b    001 0 eng  </controlfield>
  <datafield tag="906" ind1=" " ind2=" ">
    <subfield code="a">7</subfield>
    <subfield code="b">cbc</subfield>
    <subfield code="c">orignew</subfield>
    <subfield code="d">2</subfield>
    <subfield code="e">epcn</subfield>
    <subfield code="f">20</subfield>
    <subfield code="g">y-gencatlg</subfield>
  </datafield>
  <datafield tag="925" ind1="0" ind2=" ">
    <subfield code="a">acquire</subfield>
    <subfield code="b">1 shelf copy</subfield>
    <subfield code="x">policy default</subfield>
  </datafield>
  <datafield tag="955" ind1=" " ind2=" ">
    <subfield code="a">pc17 2017-04-04</subfield>
    <subfield code="a">xn11 2018-04-28 1 copy rec&apos;d., to USASH</subfield>
    <subfield code="c">rl14 2019-10-15 for review</subfield>
    <subfield code="a">rk09 2019-11-21 review</subfield>
    <subfield code="d">rk09 2020-01-02 to ptcp</subfield>
  </datafield>
  <datafield tag="010" ind1=" " ind2=" ">
    <subfield code="a">  2017938776</subfield>
  </datafield>
  <datafield tag="020" ind1=" " ind2=" ">
    <subfield code="a">9781681177649</subfield>
    <subfield code="q">(hardback ;</subfield>
    <subfield code="q">acid-free paper)</subfield>
  </datafield>
  <datafield tag="040" ind1=" " ind2=" ">
    <subfield code="a">DLC</subfield>
    <subfield code="b">eng</subfield>
    <subfield code="e">rda</subfield>
    <subfield code="c">DLC</subfield>
  </datafield>
  <datafield tag="042" ind1=" " ind2=" ">
    <subfield code="a">pcc</subfield>
  </datafield>
  <datafield tag="043" ind1=" " ind2=" ">
    <subfield code="a">a-cc---</subfield>
  </datafield>
  <datafield tag="050" ind1="0" ind2="0">
    <subfield code="a">BL1812.M42</subfield>
    <subfield code="b">R45 2018</subfield>
  </datafield>
  <datafield tag="130" ind1="0" ind2=" ">
    <subfield code="a">Religion and media in China (Socialy Press)</subfield>
  </datafield>
  <datafield tag="245" ind1="1" ind2="0">
    <subfield code="a">Religion and media in China /</subfield>
    <subfield code="c">editor, Zheng Hsu Jin.</subfield>
  </datafield>
  <datafield tag="264" ind1=" " ind2="1">
    <subfield code="a">Valley Cottage, NY, United States of America :</subfield>
    <subfield code="b">Socialy Press, an imprint of Scitus Academics,</subfield>
    <subfield code="c">[2018]</subfield>
  </datafield>
  <datafield tag="300" ind1=" " ind2=" ">
    <subfield code="a">viii, 300 pages :</subfield>
    <subfield code="b">illustrations ;</subfield>
    <subfield code="c">24 cm</subfield>
  </datafield>
  <datafield tag="336" ind1=" " ind2=" ">
    <subfield code="a">text</subfield>
    <subfield code="b">txt</subfield>
    <subfield code="2">rdacontent</subfield>
  </datafield>
  <datafield tag="337" ind1=" " ind2=" ">
    <subfield code="a">unmediated</subfield>
    <subfield code="b">n</subfield>
    <subfield code="2">rdamedia</subfield>
  </datafield>
  <datafield tag="338" ind1=" " ind2=" ">
    <subfield code="a">volume</subfield>
    <subfield code="b">nc</subfield>
    <subfield code="2">rdacarrier</subfield>
  </datafield>
  <datafield tag="504" ind1=" " ind2=" ">
    <subfield code="a">Includes bibliographical references and index.</subfield>
  </datafield>
  <datafield tag="505" ind1="2" ind2=" ">
    <subfield code="a">Western and Chinese philosophical and religious thought in the twentieth century / Xinping Zhuo, Institute of World Religions, Chinese Academy of Social Sciences, Beijing, China -- The relationship between Daoist rituals and theatrical performance : the case of Xianggong Tapeng in Puxian theater / Lijuan Zhang, Institute of Religious Studies, Sichuan University, China -- Rethinking the category of Chinese Buddhist apocrypha / Koichi Shinohara, Yale University, New Haven, USA.</subfield>
  </datafield>
  <datafield tag="651" ind1=" " ind2="0">
    <subfield code="a">China</subfield>
    <subfield code="x">Religion.</subfield>
  </datafield>
  <datafield tag="650" ind1=" " ind2="0">
    <subfield code="a">Mass media in religion</subfield>
    <subfield code="z">China.</subfield>
  </datafield>
  <datafield tag="700" ind1="1" ind2=" ">
    <subfield code="a">Jin, Zheng Hsu,</subfield>
    <subfield code="e">editor.</subfield>
  </datafield>
</record>