
<record>
  <leader>02706cam a2200541 i 4500</leader>
  <controlfield tag="001">19627834</controlfield>
  <controlfield tag="005">20200102094247.0</controlfield>
  <controlfield tag="008">170509s2016    cc            000 f chi d</controlfield>
  <datafield tag="906" ind1=" " ind2=" ">
    <subfield code="a">7</subfield>
    <subfield code="b">cbc</subfield>
    <subfield code="c">copycat</subfield>
    <subfield code="d">3</subfield>
    <subfield code="e">ncip</subfield>
    <subfield code="f">20</subfield>
    <subfield code="g">y-nonroman</subfield>
  </datafield>
  <datafield tag="925" ind1="0" ind2=" ">
    <subfield code="a">acquire</subfield>
    <subfield code="b">1 shelf copy</subfield>
    <subfield code="x">policy default</subfield>
  </datafield>
  <datafield tag="955" ind1=" " ind2=" ">
    <subfield code="i">cc07 2017-05-09 z-processor JACKPHY to Asian</subfield>
  </datafield>
  <datafield tag="010" ind1=" " ind2=" ">
    <subfield code="a">  2017365448</subfield>
  </datafield>
  <datafield tag="020" ind1=" " ind2=" ">
    <subfield code="a">9787532578436</subfield>
  </datafield>
  <datafield tag="020" ind1=" " ind2=" ">
    <subfield code="a">7532578437</subfield>
  </datafield>
  <datafield tag="035" ind1=" " ind2=" ">
    <subfield code="a">(OCoLC)ocn960706390</subfield>
  </datafield>
  <datafield tag="040" ind1=" " ind2=" ">
    <subfield code="a">BCBTC</subfield>
    <subfield code="b">eng</subfield>
    <subfield code="e">rda</subfield>
    <subfield code="c">BCBTC</subfield>
    <subfield code="d">TEF</subfield>
    <subfield code="d">OCLCO</subfield>
    <subfield code="d">AU@</subfield>
    <subfield code="d">OCLCF</subfield>
    <subfield code="d">DLC</subfield>
  </datafield>
  <datafield tag="042" ind1=" " ind2=" ">
    <subfield code="a">lccopycat</subfield>
  </datafield>
  <datafield tag="050" ind1="0" ind2="0">
    <subfield code="a">PL989.A1</subfield>
    <subfield code="b">I436 2016</subfield>
  </datafield>
  <datafield tag="066" ind1=" " ind2=" ">
    <subfield code="c">$1</subfield>
  </datafield>
  <datafield tag="245" ind1="0" ind2="0">
    <subfield code="6">880-01</subfield>
    <subfield code="a">Ren chen lu :</subfield>
    <subfield code="b">Wanli Chaoxian ban dao de kang Ri chuan qi = Imjinnok /</subfield>
    <subfield code="c">Hanguo Han wen xiao shuo ji cheng bian wei hui.</subfield>
  </datafield>
  <datafield tag="880" ind1="0" ind2="0">
    <subfield code="6">245-01/$1</subfield>
    <subfield code="a">壬辰录 :</subfield>
    <subfield code="b">万历朝鲜半岛的抗日传奇 = 임진록 /</subfield>
    <subfield code="c">韩国汉文小说集成编委会.</subfield>
  </datafield>
  <datafield tag="246" ind1="3" ind2="0">
    <subfield code="6">880-02</subfield>
    <subfield code="a">Wanli Chaoxian ban dao de kang Ri chuan qi</subfield>
  </datafield>
  <datafield tag="880" ind1="3" ind2="0">
    <subfield code="6">246-02/$1</subfield>
    <subfield code="a">万历朝鲜半岛的抗日传奇</subfield>
  </datafield>
  <datafield tag="246" ind1="3" ind2="1">
    <subfield code="6">880-08</subfield>
    <subfield code="a">Imjinnok</subfield>
  </datafield>
  <datafield tag="880" ind1="3" ind2="1">
    <subfield code="6">880-08/$1</subfield>
    <subfield code="a">임진록</subfield>
  </datafield>
  <datafield tag="250" ind1=" " ind2=" ">
    <subfield code="6">880-03</subfield>
    <subfield code="a">Di 1 ban.</subfield>
  </datafield>
  <datafield tag="880" ind1=" " ind2=" ">
    <subfield code="6">250-03/$1</subfield>
    <subfield code="a">第1版.</subfield>
  </datafield>
  <datafield tag="264" ind1=" " ind2="1">
    <subfield code="6">880-04</subfield>
    <subfield code="a">Shanghai :</subfield>
    <subfield code="b">Shanghai gu ji chu ban she,</subfield>
    <subfield code="c">2016.</subfield>
  </datafield>
  <datafield tag="880" ind1=" " ind2="1">
    <subfield code="6">264-04/$1</subfield>
    <subfield code="a">上海 :</subfield>
    <subfield code="b">上海古籍出版社,</subfield>
    <subfield code="c">2016.</subfield>
  </datafield>
  <datafield tag="300" ind1=" " ind2=" ">
    <subfield code="a">8, 1, 303 pages ;</subfield>
    <subfield code="c">23 cm</subfield>
  </datafield>
  <datafield tag="336" ind1=" " ind2=" ">
    <subfield code="a">text</subfield>
    <subfield code="2">rdacontent</subfield>
  </datafield>
  <datafield tag="337" ind1=" " ind2=" ">
    <subfield code="a">unmediated</subfield>
    <subfield code="2">rdamedia</subfield>
  </datafield>
  <datafield tag="338" ind1=" " ind2=" ">
    <subfield code="a">volume</subfield>
    <subfield code="2">rdacarrier</subfield>
  </datafield>
  <datafield tag="546" ind1=" " ind2=" ">
    <subfield code="a">In simplified Chinese characters.</subfield>
  </datafield>
  <datafield tag="880" ind1=" " ind2=" ">
    <subfield code="6">520-00/$1</subfield>
    <subfield code="a">&quot;壬辰录&quot;是古代朝鲜汉文小说中正面反映这段历史的代表性作品.现存版本有十数种之多,大致有繁,简两个版本系统.本书所收一共四个版本,其中美国柏克莱加州大学东亚图书馆藏本即为简本的代表,而韩国国立中央图书馆藏本,日本东洋文库本和韩国精神文化研究院藏本则皆为繁本.各版本的&quot;壬辰录&quot;情节虽多有构,但对于了解两百年前朝鲜民间对明朝援朝抗倭的看法,以及朝鲜小说发展史,中朝比较文学的研究都颇有裨益.</subfield>
  </datafield>
  <datafield tag="630" ind1="0" ind2="0">
    <subfield code="6">880-05</subfield>
    <subfield code="a">Imjinnok.</subfield>
  </datafield>
  <datafield tag="880" ind1="0" ind2="4">
    <subfield code="6">630-05/$1</subfield>
    <subfield code="a">壬辰录.</subfield>
  </datafield>
  <datafield tag="651" ind1=" " ind2="0">
    <subfield code="a">Korea</subfield>
    <subfield code="x">History</subfield>
    <subfield code="y">Japanese Invasions, 1592-1598</subfield>
    <subfield code="v">Fiction.</subfield>
  </datafield>
  <datafield tag="611" ind1="2" ind2="7">
    <subfield code="a">Japanese Invasions of Korea (1592-1598)</subfield>
    <subfield code="2">fast</subfield>
    <subfield code="0">(OCoLC)fst01353442</subfield>
  </datafield>
  <datafield tag="651" ind1=" " ind2="7">
    <subfield code="a">Korea.</subfield>
    <subfield code="2">fast</subfield>
    <subfield code="0">(OCoLC)fst01206434</subfield>
  </datafield>
  <datafield tag="648" ind1=" " ind2="7">
    <subfield code="a">1592-1598</subfield>
    <subfield code="2">fast</subfield>
  </datafield>
  <datafield tag="655" ind1=" " ind2="7">
    <subfield code="a">Fiction.</subfield>
    <subfield code="2">fast</subfield>
    <subfield code="0">(OCoLC)fst01423787</subfield>
  </datafield>
  <datafield tag="655" ind1=" " ind2="7">
    <subfield code="a">Historical fiction.</subfield>
    <subfield code="2">fast</subfield>
    <subfield code="0">(OCoLC)fst01726640</subfield>
  </datafield>
  <datafield tag="655" ind1=" " ind2="7">
    <subfield code="a">History.</subfield>
    <subfield code="2">fast</subfield>
    <subfield code="0">(OCoLC)fst01411628</subfield>
  </datafield>
  <datafield tag="655" ind1=" " ind2="7">
    <subfield code="a">Historical fiction.</subfield>
    <subfield code="2">lcgft</subfield>
  </datafield>
  <datafield tag="710" ind1="2" ind2=" ">
    <subfield code="6">880-06</subfield>
    <subfield code="a">Hanguo Han wen xiao shuo ji cheng bian wei hui,</subfield>
    <subfield code="e">editor.</subfield>
  </datafield>
  <datafield tag="880" ind1="2" ind2=" ">
    <subfield code="6">710-06/$1</subfield>
    <subfield code="a">韩国汉文小说集成编委会,</subfield>
    <subfield code="e">editor.</subfield>
  </datafield>
  <datafield tag="923" ind1=" " ind2=" ">
    <subfield code="s">CIB</subfield>
  </datafield>
</record>