
<record>
  <leader>03454cam a22004815i 4500</leader>
  <controlfield tag="001">19651201</controlfield>
  <controlfield tag="005">20200102123917.0</controlfield>
  <controlfield tag="008">170518s2012    ru a     b    000 0 rus c</controlfield>
  <datafield tag="906" ind1=" " ind2=" ">
    <subfield code="a">0</subfield>
    <subfield code="b">ibc</subfield>
    <subfield code="c">pccadap</subfield>
    <subfield code="d">3</subfield>
    <subfield code="e">ncip</subfield>
    <subfield code="f">20</subfield>
    <subfield code="g">y-nonroman</subfield>
  </datafield>
  <datafield tag="925" ind1="0" ind2=" ">
    <subfield code="a">acquire</subfield>
    <subfield code="b">1 shelf copies</subfield>
    <subfield code="x">policy default</subfield>
  </datafield>
  <datafield tag="955" ind1=" " ind2=" ">
    <subfield code="b">fe06 2017-05-18 z-processor telework to cat.</subfield>
    <subfield code="a">fe00 2017-05-19 to GS/RUS</subfield>
    <subfield code="i">fe08 2020-01-02 telework to CALM</subfield>
  </datafield>
  <datafield tag="010" ind1=" " ind2=" ">
    <subfield code="a">  2017379267</subfield>
  </datafield>
  <datafield tag="020" ind1=" " ind2=" ">
    <subfield code="a">9785911210618</subfield>
    <subfield code="q">(hbk.)</subfield>
  </datafield>
  <datafield tag="020" ind1=" " ind2=" ">
    <subfield code="a">5911210614</subfield>
    <subfield code="q">(hbk.)</subfield>
  </datafield>
  <datafield tag="035" ind1=" " ind2=" ">
    <subfield code="a">(OCoLC)ocn852786511</subfield>
  </datafield>
  <datafield tag="040" ind1=" " ind2=" ">
    <subfield code="a">EVIEW</subfield>
    <subfield code="b">eng</subfield>
    <subfield code="e">rda</subfield>
    <subfield code="c">EVIEW</subfield>
    <subfield code="d">ORU</subfield>
    <subfield code="d">OCLCF</subfield>
    <subfield code="d">OCLCQ</subfield>
    <subfield code="d">DLC</subfield>
  </datafield>
  <datafield tag="042" ind1=" " ind2=" ">
    <subfield code="a">pcc</subfield>
  </datafield>
  <datafield tag="043" ind1=" " ind2=" ">
    <subfield code="a">e-urs--</subfield>
  </datafield>
  <datafield tag="050" ind1="0" ind2="0">
    <subfield code="a">GF676</subfield>
    <subfield code="b">.T856 2012</subfield>
  </datafield>
  <datafield tag="066" ind1=" " ind2=" ">
    <subfield code="c">(N</subfield>
  </datafield>
  <datafield tag="100" ind1="1" ind2=" ">
    <subfield code="a">Tulokhonov, A. K.</subfield>
    <subfield code="q">(Arnolʹd Kirillovich),</subfield>
    <subfield code="e">author.</subfield>
  </datafield>
  <datafield tag="245" ind1="1" ind2="0">
    <subfield code="6">880-01</subfield>
    <subfield code="a">O geografii v sovremennom obshchestve, ili, Uroki prakticheskoĭ geografii /</subfield>
    <subfield code="c">Tulokhonov A.K.</subfield>
  </datafield>
  <datafield tag="880" ind1="1" ind2="0">
    <subfield code="6">245-01/(N</subfield>
    <subfield code="a">О географии в современном обществе, или, Уроки практической географии /</subfield>
    <subfield code="c">Тулохонов А.К.</subfield>
  </datafield>
  <datafield tag="246" ind1="3" ind2="0">
    <subfield code="6">880-02</subfield>
    <subfield code="a">O geografii v sovremennom obshchestve</subfield>
  </datafield>
  <datafield tag="880" ind1="3" ind2="0">
    <subfield code="6">246-02/(N</subfield>
    <subfield code="a">О географии в современном обществе</subfield>
  </datafield>
  <datafield tag="246" ind1="3" ind2="0">
    <subfield code="6">880-03</subfield>
    <subfield code="a">Uroki prakticheskoĭ geografii</subfield>
  </datafield>
  <datafield tag="880" ind1="3" ind2="0">
    <subfield code="6">246-03/(N</subfield>
    <subfield code="a">Уроки практической географии</subfield>
  </datafield>
  <datafield tag="264" ind1=" " ind2="1">
    <subfield code="6">880-04</subfield>
    <subfield code="a">Ulan-Udė :</subfield>
    <subfield code="b">NovaPrint,</subfield>
    <subfield code="c">2012.</subfield>
  </datafield>
  <datafield tag="880" ind1=" " ind2="1">
    <subfield code="6">264-04/(N</subfield>
    <subfield code="a">Улан-Удэ :</subfield>
    <subfield code="b">НоваПринт,</subfield>
    <subfield code="c">2012.</subfield>
  </datafield>
  <datafield tag="300" ind1=" " ind2=" ">
    <subfield code="a">227 pages :</subfield>
    <subfield code="b">illustrations ;</subfield>
    <subfield code="c">30 cm</subfield>
  </datafield>
  <datafield tag="336" ind1=" " ind2=" ">
    <subfield code="a">text</subfield>
    <subfield code="b">txt</subfield>
    <subfield code="2">rdacontent</subfield>
  </datafield>
  <datafield tag="337" ind1=" " ind2=" ">
    <subfield code="a">unmediated</subfield>
    <subfield code="b">n</subfield>
    <subfield code="2">rdamedia</subfield>
  </datafield>
  <datafield tag="338" ind1=" " ind2=" ">
    <subfield code="a">volume</subfield>
    <subfield code="b">nc</subfield>
    <subfield code="2">rdacarrier</subfield>
  </datafield>
  <datafield tag="500" ind1=" " ind2=" ">
    <subfield code="6">880-05</subfield>
    <subfield code="a">At head of title: Federalʹnoe gosudarstvennoe bi︠u︡dzhetnoe uchrezhdenie nauki, Baĭkalʹskiĭ institut prirodopolʹzovanii︠a︡, Sibirskogo otdelenii︠a︡ Rossiĭskoĭ akademii nauk (BIP SO RAN).</subfield>
  </datafield>
  <datafield tag="880" ind1=" " ind2=" ">
    <subfield code="6">500-05/(N</subfield>
    <subfield code="a">At head of title: Федеральное государственное бюджетное учреждение науки, Байкальский институт природопользования, Сибирского отделения Российской академии наук (БИП СО РАН).</subfield>
  </datafield>
  <datafield tag="504" ind1=" " ind2=" ">
    <subfield code="a">Includes bibliographical references.</subfield>
  </datafield>
  <datafield tag="505" ind1="0" ind2="0">
    <subfield code="a">glava 1. O roli nauki v obshchestve i chto takoe sovremennai︠a︡ geografii︠a︡ segodni︠a︡? -- glava 2. Moĭ dom Rossii︠a︡ ili gde budut zhitʹ nashi potomki? -- glava 3. O nashikh sosedi︠a︡kh po planete ili iz dalʹnikh stranstviĭ vozvrati︠a︡sʹ -- glava 4. Chto takoe &quot;Baĭkalʹskai︠a︡ problema&quot; i kak ee reshatʹ? -- glava 5. O sovremennoĭ politike i politikakh s geograficheskoĭ tochki zrenii︠a︡ -- glava 6. Ob urokakh zhizni i nasheĭ pami︠a︡ti -- glava 7. O turizme na Baĭkale bez ėĭforii -- glava 8. O sele, selʹskom khozi︠a︡ĭstve i pishche nasheĭ -- glava 9. Fenomen ėkspedit︠s︡ii &quot;miry&quot; na Baĭkale -- glava 10. K sozhalenii︠u︡, my plokho uchili istorii︠u︡ -- glava 11. Tvoĭ sled na zemle.</subfield>
  </datafield>
  <datafield tag="650" ind1=" " ind2="0">
    <subfield code="a">Human ecology</subfield>
    <subfield code="z">Russia (Federation)</subfield>
    <subfield code="z">Siberia.</subfield>
  </datafield>
  <datafield tag="650" ind1=" " ind2="0">
    <subfield code="a">Human ecology</subfield>
    <subfield code="z">Russia (Federation)</subfield>
    <subfield code="z">Baikal, Lake.</subfield>
  </datafield>
  <datafield tag="650" ind1=" " ind2="0">
    <subfield code="a">Geography</subfield>
    <subfield code="z">Russia (Federation)</subfield>
    <subfield code="z">Siberia.</subfield>
  </datafield>
  <datafield tag="650" ind1=" " ind2="0">
    <subfield code="a">Geography</subfield>
    <subfield code="z">Russia (Federation)</subfield>
    <subfield code="z">Baikal, Lake.</subfield>
  </datafield>
  <datafield tag="710" ind1="2" ind2=" ">
    <subfield code="a">Baĭkalʹskiĭ institut prirodopolʹzovanii︠a︡ (Rossiĭskai︠a︡ akademii︠a︡ nauk),</subfield>
    <subfield code="e">issuing body.</subfield>
  </datafield>
  <datafield tag="923" ind1=" " ind2=" ">
    <subfield code="d">exchange/gift</subfield>
  </datafield>
</record>