
<record>
  <leader>02426cam a2200397 i 4500</leader>
  <controlfield tag="001">19789488</controlfield>
  <controlfield tag="005">20200102173309.0</controlfield>
  <controlfield tag="008">170717s2016    nyu           000 0 heb d</controlfield>
  <datafield tag="906" ind1=" " ind2=" ">
    <subfield code="a">7</subfield>
    <subfield code="b">cbc</subfield>
    <subfield code="c">copycat</subfield>
    <subfield code="d">2</subfield>
    <subfield code="e">ncip</subfield>
    <subfield code="f">20</subfield>
    <subfield code="g">y-nonroman</subfield>
  </datafield>
  <datafield tag="925" ind1="0" ind2=" ">
    <subfield code="a">acquire</subfield>
    <subfield code="b">1 shelf copy</subfield>
    <subfield code="x">policy default</subfield>
  </datafield>
  <datafield tag="955" ind1=" " ind2=" ">
    <subfield code="b">cd23 2017-07-17 z-processor JACKPHY (volumes 1 and 2);</subfield>
    <subfield code="b">cd23 2017-07-17 added LCCN and Holding and Item records (volumes 1 and 2);</subfield>
    <subfield code="a">cd00 2017-07-17 to ASME/IJ;</subfield>
    <subfield code="a">cd23 2018-08-22 to cd23 for full cat. (volumes 1 and 2);</subfield>
    <subfield code="i">cd23 2018-09-13 telework to Hebraic shelves (volumes 1 and 2);</subfield>
    <subfield code="a">cd23 2020-01-02 telework Bibframe ymey</subfield>
  </datafield>
  <datafield tag="010" ind1=" " ind2=" ">
    <subfield code="a">  2017411396</subfield>
  </datafield>
  <datafield tag="035" ind1=" " ind2=" ">
    <subfield code="a">(OCoLC)ocn991599627</subfield>
  </datafield>
  <datafield tag="040" ind1=" " ind2=" ">
    <subfield code="a">YYP</subfield>
    <subfield code="b">eng</subfield>
    <subfield code="e">rda</subfield>
    <subfield code="c">YYP</subfield>
    <subfield code="d">DLC</subfield>
  </datafield>
  <datafield tag="042" ind1=" " ind2=" ">
    <subfield code="a">lccopycat</subfield>
  </datafield>
  <datafield tag="050" ind1="0" ind2="0">
    <subfield code="a">BM504.2</subfield>
    <subfield code="b">.A285 2016</subfield>
  </datafield>
  <datafield tag="066" ind1=" " ind2=" ">
    <subfield code="c">(2</subfield>
  </datafield>
  <datafield tag="100" ind1="1" ind2=" ">
    <subfield code="6">880-01</subfield>
    <subfield code="a">Adler, Aryeh A.,</subfield>
    <subfield code="e">author.</subfield>
  </datafield>
  <datafield tag="880" ind1="1" ind2=" ">
    <subfield code="6">100-01/(2/r‏</subfield>
    <subfield code="a">‏אדלער, ארי&apos; אברהם.</subfield>
  </datafield>
  <datafield tag="240" ind1="1" ind2="0">
    <subfield code="a">Ḥelḳat Aryeh</subfield>
  </datafield>
  <datafield tag="245" ind1="1" ind2="0">
    <subfield code="6">880-02</subfield>
    <subfield code="a">Sefer Ḥelḳat Aryeh :</subfield>
    <subfield code="b">bo niḳbetsu ḥidushim, beʼurim, ṿe-heʻarot ʻal ha-Gemara ṿe-divre ha-rishonim ṿeha-aḥaronim ʻal pi seder ha-dapim shel ha-masekhtot /</subfield>
    <subfield code="c">me-et Ary. Avraham Adler b. la-a. a. he-ḥasid ha-r. R. Yeshaʻy. Ḥanokh Henikh Adler, zal.</subfield>
  </datafield>
  <datafield tag="880" ind1="1" ind2="0">
    <subfield code="6">245-02/(2/r‏</subfield>
    <subfield code="a">‏ספר חלקת אריה‏</subfield>
    <subfield code="b">‏: בו נקבצו חידושים, ביאורים, והערות על הגמרא ודברי הראשונים והאחרונים על פי סדר הדפים של המסכתות /‏</subfield>
    <subfield code="c">‏מאת ארי׳ אברהם אדלער בלא&quot;א החסיד הר&quot;ר ישעי&apos; חנוך העניך אדלער, ז&quot;ל.</subfield>
  </datafield>
  <datafield tag="246" ind1="1" ind2="7">
    <subfield code="6">880-03</subfield>
    <subfield code="a">Ḥelḳat Aryeh</subfield>
  </datafield>
  <datafield tag="880" ind1="1" ind2="7">
    <subfield code="6">246-03/(2/r‏</subfield>
    <subfield code="a">‏חלקת אריה</subfield>
  </datafield>
  <datafield tag="250" ind1=" " ind2=" ">
    <subfield code="6">880-04</subfield>
    <subfield code="a">Mahadurah sheniyah.</subfield>
  </datafield>
  <datafield tag="880" ind1=" " ind2=" ">
    <subfield code="6">250-04/(2/r‏</subfield>
    <subfield code="a">‏מהדורה שניה.</subfield>
  </datafield>
  <datafield tag="264" ind1=" " ind2="1">
    <subfield code="6">880-05</subfield>
    <subfield code="a">[Brooklyn, New York] :</subfield>
    <subfield code="b">[Ary. Avraham Adler],</subfield>
    <subfield code="c">776 [2016]</subfield>
  </datafield>
  <datafield tag="880" ind1=" " ind2="1">
    <subfield code="6">264-05/(2/r‏</subfield>
    <subfield code="a">‏‪[Brooklyn, New York] :‬‏</subfield>
    <subfield code="b">‏[ארי&apos; אברהם אדלער],‏</subfield>
    <subfield code="c">‏תשע&quot;ו.</subfield>
  </datafield>
  <datafield tag="300" ind1=" " ind2=" ">
    <subfield code="a">2 volumes ;</subfield>
    <subfield code="c">28 cm</subfield>
  </datafield>
  <datafield tag="336" ind1=" " ind2=" ">
    <subfield code="a">text</subfield>
    <subfield code="b">txt</subfield>
    <subfield code="2">rdacontent</subfield>
  </datafield>
  <datafield tag="337" ind1=" " ind2=" ">
    <subfield code="a">unmediated</subfield>
    <subfield code="b">n</subfield>
    <subfield code="2">rdamedia</subfield>
  </datafield>
  <datafield tag="338" ind1=" " ind2=" ">
    <subfield code="a">volume</subfield>
    <subfield code="b">nc</subfield>
    <subfield code="2">rdacarrier</subfield>
  </datafield>
  <datafield tag="500" ind1=" " ind2=" ">
    <subfield code="a">First edition published in 1987 with the contents of volume 1 only.</subfield>
  </datafield>
  <datafield tag="505" ind1="0" ind2=" ">
    <subfield code="a">[1] ʻAl masekhtot Berakhot, Rosh ha-shanah, Sukah, Ḥagigah -- [2] ʻAl masekhtot Betsah, Taʻanit, Megilah, Mo. ḳ.</subfield>
  </datafield>
  <datafield tag="630" ind1="0" ind2="0">
    <subfield code="a">Talmud</subfield>
    <subfield code="v">Commentaries.</subfield>
  </datafield>
  <datafield tag="985" ind1=" " ind2=" ">
    <subfield code="a">BibframePilot2</subfield>
    <subfield code="e">20180504</subfield>
  </datafield>
</record>