
<record>
  <leader>01966cam a22002895i 4500</leader>
  <controlfield tag="001">19870444</controlfield>
  <controlfield tag="005">20200102111847.0</controlfield>
  <controlfield tag="008">170808m20152017is            000 0 heb  </controlfield>
  <datafield tag="906" ind1=" " ind2=" ">
    <subfield code="a">7</subfield>
    <subfield code="b">cbc</subfield>
    <subfield code="c">orignew</subfield>
    <subfield code="d">2</subfield>
    <subfield code="e">ncip</subfield>
    <subfield code="f">20</subfield>
    <subfield code="g">y-nonroman</subfield>
  </datafield>
  <datafield tag="925" ind1="0" ind2=" ">
    <subfield code="a">acquire</subfield>
    <subfield code="b">1 shelf copy</subfield>
    <subfield code="x">policy default</subfield>
  </datafield>
  <datafield tag="955" ind1=" " ind2=" ">
    <subfield code="b">cd22 2017-08-08 z-processor JACKPHY added holdings and items</subfield>
    <subfield code="a">cd00 2017-08-08 to ASME/IJ ;</subfield>
    <subfield code="a">cd06 2018-07-24 (vol. 2) to cd00 shelves ;</subfield>
    <subfield code="a">cd06 2019-04-09 (vol. 3) to cd00 shelves ; all volumes with cd06 ;</subfield>
    <subfield code="i">cd06 2020-01-02 telework (3 vols.) to Hebraic Section</subfield>
  </datafield>
  <datafield tag="010" ind1=" " ind2=" ">
    <subfield code="a">  2017441044</subfield>
  </datafield>
  <datafield tag="040" ind1=" " ind2=" ">
    <subfield code="a">DLC</subfield>
    <subfield code="b">eng</subfield>
    <subfield code="e">rda</subfield>
    <subfield code="c">DLC</subfield>
  </datafield>
  <datafield tag="042" ind1=" " ind2=" ">
    <subfield code="a">pcc</subfield>
  </datafield>
  <datafield tag="050" ind1="0" ind2="0">
    <subfield code="a">BS1225.54</subfield>
    <subfield code="b">.Y695 2015</subfield>
  </datafield>
  <datafield tag="066" ind1=" " ind2=" ">
    <subfield code="c">(2</subfield>
  </datafield>
  <datafield tag="100" ind1="1" ind2=" ">
    <subfield code="6">880-01</subfield>
    <subfield code="a">Yosef, Yitsḥaḳ,</subfield>
    <subfield code="e">author.</subfield>
  </datafield>
  <datafield tag="880" ind1="1" ind2=" ">
    <subfield code="6">100-01/(2/r‏</subfield>
    <subfield code="a">‏יוסף, יצחק.</subfield>
  </datafield>
  <datafield tag="245" ind1="1" ind2="3">
    <subfield code="6">880-02</subfield>
    <subfield code="a">ha-Shiʻur ha-shevuʻi :</subfield>
    <subfield code="b">sikum shiʻuraṿ shel maran ha-rishon le-tsiyon Rabenu Yitsḥaḳ Yosef, sheliṭa : ha-Rav ha-rashi le-Yiśraʼel ṿe-naśi Bet ha-Din ha-Gadol ... be-vet ha-keneset Tifʼeret Yerushalayim la-ʻadat ha-Yazdim /</subfield>
    <subfield code="c">... mi-yesodo shel ... Rabenu ʻOvadyah Yosef ... ba-arikhat ... Yitsḥaḳ Leṿi ...</subfield>
  </datafield>
  <datafield tag="880" ind1="1" ind2="1">
    <subfield code="6">245-02/(2/r‏</subfield>
    <subfield code="a">‏השיעור השבועי :‏</subfield>
    <subfield code="b">‏סיכום שיעוריו של מרן הראשון לציון רבינו יצחק יוסף, שליט&quot;א : הרב הראשי לישראל ונשיא בית הדין הגדול ... בבית הכנסת תפארת ירושלים לעדת היזדים /‏</subfield>
    <subfield code="c">‏... מיסודו של ... רבינו עובדיה יוסף ... בעריכת ... יצחק לוי ...</subfield>
  </datafield>
  <datafield tag="264" ind1=" " ind2="1">
    <subfield code="a">[Israel] :</subfield>
    <subfield code="b">[Publisher not identified],</subfield>
    <subfield code="c">776-778 [2015 or 2016-2017 or 2018].</subfield>
  </datafield>
  <datafield tag="300" ind1=" " ind2=" ">
    <subfield code="a">3 volumes ;</subfield>
    <subfield code="c">24 cm</subfield>
  </datafield>
  <datafield tag="505" ind1="0" ind2=" ">
    <subfield code="a">1. Shiʻur ha-shevuʻi 775 -- Shiʻur ha-shevuʻi 776 -- Shiʻur ha-shevuʻi 777.</subfield>
  </datafield>
  <datafield tag="630" ind1="0" ind2="0">
    <subfield code="a">Bible.</subfield>
    <subfield code="p">Pentateuch</subfield>
    <subfield code="v">Sermons.</subfield>
  </datafield>
  <datafield tag="650" ind1=" " ind2="0">
    <subfield code="a">Jewish sermons, Hebrew.</subfield>
  </datafield>
  <datafield tag="700" ind1="1" ind2=" ">
    <subfield code="6">880-03</subfield>
    <subfield code="a">Leṿi, Yitsḥaḳ,</subfield>
    <subfield code="e">editor.</subfield>
  </datafield>
  <datafield tag="880" ind1="1" ind2=" ">
    <subfield code="6">700-03/(2/r‏</subfield>
    <subfield code="a">‏יוסף, יצחק.</subfield>
  </datafield>
</record>