
<record>
  <leader>02970cam a2200457 i 4500</leader>
  <controlfield tag="001">19926743</controlfield>
  <controlfield tag="005">20200102162326.0</controlfield>
  <controlfield tag="008">170810s2017    mx adeh  b    000 0 spa d</controlfield>
  <datafield tag="906" ind1=" " ind2=" ">
    <subfield code="a">7</subfield>
    <subfield code="b">cbc</subfield>
    <subfield code="c">copycat</subfield>
    <subfield code="d">2</subfield>
    <subfield code="e">ncip</subfield>
    <subfield code="f">20</subfield>
    <subfield code="g">y-gencatlg</subfield>
  </datafield>
  <datafield tag="925" ind1="0" ind2=" ">
    <subfield code="a">acquire</subfield>
    <subfield code="b">1 shelf copy</subfield>
    <subfield code="x">policy default</subfield>
  </datafield>
  <datafield tag="955" ind1=" " ind2=" ">
    <subfield code="b">bf11 2018-02-15 z-processor</subfield>
    <subfield code="i">bf11 2018-02-15 to Dewey</subfield>
    <subfield code="w">xm09 2018-04-04</subfield>
  </datafield>
  <datafield tag="955" ind1=" " ind2=" ">
    <subfield code="a">ve24</subfield>
    <subfield code="b">bf27 2017-08-28 to ALAWE/MCAC</subfield>
  </datafield>
  <datafield tag="010" ind1=" " ind2=" ">
    <subfield code="a">  2017436907</subfield>
  </datafield>
  <datafield tag="020" ind1=" " ind2=" ">
    <subfield code="a">9786070289712</subfield>
  </datafield>
  <datafield tag="020" ind1=" " ind2=" ">
    <subfield code="a">6070289714</subfield>
  </datafield>
  <datafield tag="035" ind1=" " ind2=" ">
    <subfield code="a">(OCoLC)on1000392361</subfield>
  </datafield>
  <datafield tag="040" ind1=" " ind2=" ">
    <subfield code="a">H7K</subfield>
    <subfield code="b">eng</subfield>
    <subfield code="c">H7K</subfield>
    <subfield code="e">rda</subfield>
    <subfield code="d">OCLCO</subfield>
    <subfield code="d">JPG</subfield>
    <subfield code="d">OCLCF</subfield>
    <subfield code="d">OCLCA</subfield>
    <subfield code="d">DLC</subfield>
  </datafield>
  <datafield tag="042" ind1=" " ind2=" ">
    <subfield code="a">lccopycat</subfield>
  </datafield>
  <datafield tag="043" ind1=" " ind2=" ">
    <subfield code="a">n-mx---</subfield>
  </datafield>
  <datafield tag="050" ind1="0" ind2="0">
    <subfield code="a">NA5257.M4</subfield>
    <subfield code="b">L67 2017</subfield>
  </datafield>
  <datafield tag="082" ind1="0" ind2="0">
    <subfield code="a">726.50972/53</subfield>
    <subfield code="2">23</subfield>
  </datafield>
  <datafield tag="100" ind1="1" ind2=" ">
    <subfield code="a">López Carmona, Fernando,</subfield>
    <subfield code="d">1921-</subfield>
    <subfield code="e">author.</subfield>
  </datafield>
  <datafield tag="245" ind1="1" ind2="0">
    <subfield code="a">Proyecto de corrección geométrica :</subfield>
    <subfield code="b">Catedral y Sagrario Metropolitanos /</subfield>
    <subfield code="c">Fernando López Carmona, Agustín Hernández Hernández.</subfield>
  </datafield>
  <datafield tag="264" ind1=" " ind2="1">
    <subfield code="a">Ciudad de México :</subfield>
    <subfield code="b">Universidad Nacional Autónoma de México, Facultad de Arquitectura,</subfield>
    <subfield code="c">2017.</subfield>
  </datafield>
  <datafield tag="300" ind1=" " ind2=" ">
    <subfield code="a">235 pages :</subfield>
    <subfield code="b">illustrations (some color), charts, facsimiles, plans ;</subfield>
    <subfield code="c">28 cm.</subfield>
  </datafield>
  <datafield tag="336" ind1=" " ind2=" ">
    <subfield code="a">text</subfield>
    <subfield code="b">txt</subfield>
    <subfield code="2">rdacontent</subfield>
  </datafield>
  <datafield tag="337" ind1=" " ind2=" ">
    <subfield code="a">unmediated</subfield>
    <subfield code="b">n</subfield>
    <subfield code="2">rdamedia</subfield>
  </datafield>
  <datafield tag="338" ind1=" " ind2=" ">
    <subfield code="a">volume</subfield>
    <subfield code="b">nc</subfield>
    <subfield code="2">rdacarrier</subfield>
  </datafield>
  <datafield tag="504" ind1=" " ind2=" ">
    <subfield code="a">Includes bibliographical references (page 233).</subfield>
  </datafield>
  <datafield tag="505" ind1="0" ind2=" ">
    <subfield code="a">Poética y lógica estructural -- Introducción -- Consecuencias durante la construcción -- Ensayo en el Templo de San Antonio Abad -- Subexcavación e instrumentación -- Respuesta estructural -- Capilla de las Ánimas.</subfield>
  </datafield>
  <datafield tag="520" ind1=" " ind2=" ">
    <subfield code="a">&quot;The project for the geometric correction of the Metropolitan Cathedral and the side chapel (Sagrario) officially concluded in 2001, after more than twelve years during which work was conducted on to correct the differential subsidence affecting both temples, and later works to prevent their future occurrence or to mitigate them. Corrective works consisted of the controlled under-cutting of both temples and the preventive injections of cement mortars to standardize the deformability of the subsoil and thus prevent the emergence of more differential subsidence in the future. &quot;This work integrates the experience of the Faculty of Architecture of the UNAM on the geometric correction of the Cathedral.&quot; (HKB Translation)--Verso Cover.</subfield>
  </datafield>
  <datafield tag="610" ind1="2" ind2="0">
    <subfield code="a">Catedral de México.</subfield>
  </datafield>
  <datafield tag="610" ind1="2" ind2="0">
    <subfield code="a">Parroquia del Sagrario Metropolitano (Mexico City, Mexico)</subfield>
  </datafield>
  <datafield tag="650" ind1=" " ind2="0">
    <subfield code="a">Church architecture</subfield>
    <subfield code="x">Conservation and restoration</subfield>
    <subfield code="z">Mexico</subfield>
    <subfield code="z">Mexico City.</subfield>
  </datafield>
  <datafield tag="650" ind1=" " ind2="0">
    <subfield code="a">Architecture, Spanish colonial</subfield>
    <subfield code="x">Conservation and restoration</subfield>
    <subfield code="z">Mexico</subfield>
    <subfield code="z">Mexico City.</subfield>
  </datafield>
  <datafield tag="650" ind1=" " ind2="0">
    <subfield code="a">Cathedrals</subfield>
    <subfield code="x">Conservation and restoration</subfield>
    <subfield code="z">Mexico</subfield>
    <subfield code="z">Mexico City.</subfield>
  </datafield>
  <datafield tag="650" ind1=" " ind2="0">
    <subfield code="a">Earth movements and building</subfield>
    <subfield code="z">Mexico</subfield>
    <subfield code="z">Mexico City.</subfield>
  </datafield>
  <datafield tag="700" ind1="1" ind2=" ">
    <subfield code="a">Hernández Hernández, Agustín,</subfield>
    <subfield code="e">author.</subfield>
  </datafield>
  <datafield tag="710" ind1="2" ind2=" ">
    <subfield code="a">Universidad Nacional Autónoma de México.</subfield>
    <subfield code="b">Facultad de Arquitectura,</subfield>
    <subfield code="e">issuing body.</subfield>
  </datafield>
  <datafield tag="923" ind1=" " ind2=" ">
    <subfield code="d">20170804</subfield>
    <subfield code="n">76054</subfield>
    <subfield code="s">CVcHKB</subfield>
  </datafield>
  <datafield tag="985" ind1=" " ind2=" ">
    <subfield code="e">VENDOR LOAD</subfield>
  </datafield>
</record>